2204 3764
929 178 1245 229 ...g-

199 329 334 364 num
372 327 600 364 suarum
631 304 874 378 statuit,
907 307 1354 381 proportionem
1385 323 1719 381 serpentum
1757 311 1986 368 duob-us

196 405 572 479 pulmonibus
611 404 1014 475 praeditorum
1048 403 1120 456 ad
1160 421 1261 457 eos
1299 404 1397 474 qui
1438 416 1657 458 tantum
1691 423 1802 456 uno
1845 424 1991 477 gau-

198 498 342 552 dent
366 542 379 566 ‚
421 518 589 553 esse:
630 498 714 552 uti
740 501 804 552 3:
853 516 894 551 ι.
938 496 1400 550 Communicatio
1436 497 1673 567 majoris
1697 499 1992 570 pulmonis

199 613 331 648 cum
373 596 598 648 minore
633 596 728 668 qui
763 593 874 661 jam
906 594 959 645 in
1000 592 1232 647 sinistra
1267 593 1380 664 jam
1405 593 1460 646 in
1487 593 1690 648 dextra
1730 609 1890 666 parte
1917 595 2029 649 si-ff

197 699 288 742 tus
335 701 459 756 est,
499 702 593 743 aut
633 686 966 742 immediata
1007 699 1132 747 est,
1173 700 1271 740 aut
1291 705 1466 754 ver0,
1505 688 1658 759 quod
1702 688 1887 742 rarius
1910 686 1995 756 fit,

196 799 308 852 per
338 783 610 835 tracheae
635 780 986 834 divisionem
1013 777 1355 851 perficitur3
1400 780 1531 844 Quo
1571 780 1774 849 pulmo
1810 781 2002 834 minor

201 875 296 930 vel
333 877 801 931 succenturiatus
839 876 1030 945 magis
1074 875 1343 930 evolutus
1381 886 1503 942 est,
1553 892 1626 927 eo
1665 874 1850 945 magis
1901 893 1994 928 ex-

161 1013 164 1016 ,
199 966 466 1020 tenditur
503 968 559 1020 in
598 968 879 1038 longum,
925 979 985 1019 et
1019 964 1130 1017 fine
1154 976 1457 1018 attenuato
1489 965 1866 1034 terminatur,
1889 986 2002 1038 quo

203 1070 393 1109 autem
431 1055 825 1127 imperfectius
879 1055 1277 1109 rudimentum
1324 1055 1616 1126 pulmonis
1658 1056 1843 1110 efficit
1873 1099 1888 1125 ‚
1932 1076 2005 1111 eo
2064 1119 2071 1129 ἱ

207 1152 391 1216 magis
426 1151 797 1206 rotundatam
837 1151 1169 1224 praesefert
1203 1151 1477 1217 formam3
1519 1151 1808 1204 notabilis
1830 1164 2004 1222 typus

207 1244 516 1313 gradensis
570 1233 844 1310 naturae,
905 1257 968 1297 ut
1019 1243 1380 1314 perfectiora
1426 1245 1615 1317 magis
1655 1245 1710 1297 in
1758 1245 2007 1317 longum

208 1334 634 1402 extendantur3
677 1354 803 1388 cum
843 1335 934 1388 his
959 1337 1236 1405 opposita
1275 1335 1492 1389 sensim
1536 1354 1640 1414 per
1671 1336 2010 1411 gradusim-

206 1425 593 1494 perfectionis
628 1427 1031 1480 rotundantur.
1102 1426 1451 1498 Longitudo
1495 1426 1663 1480 unius
1713 1426 2009 1497 pulmonis

209 1528 297 1569 cst
333 1536 505 1586 saepe
539 1517 749 1584 nimia,
797 1517 879 1571 uti
917 1536 966 1570 e.
992 1536 1051 1590 g.
1087 1516 1490 1582 inPelamide
1528 1518 1772 1571 fasciato
1798 1532 2010 1589 perte-2

208 1621 326 1662 tam
362 1610 627 1680 corporis
668 1611 1110 1682 longitudinem
1159 1628 1340 1683 usque
1379 1611 1448 1664 ad
1495 1630 1661 1664 anum
1700 1612 2009 1681 protendi-

207 1715 324 1755 tur.
389 1704 538 1757 Cum
556 1717 750 1757 autem
785 1702 1165 1776 pulmonibus
1204 1722 1266 1757 ac
1302 1723 1508 1774 aspera
1546 1706 1760 1759 arteria
1793 1705 2008 1776 provisi

212 1797 361 1856 sint,
404 1814 606 1849 sonum
642 1814 874 1868 quoque
925 1797 1032 1849 sub
1074 1788 1260 1850 formo
1299 1797 1465 1852 sibili
1508 1797 1686 1871 edere
1730 1812 2007 1870 possunt,

212 1905 327 1958 quo
367 1900 429 1940 ut
461 1888 775 1958 plurimum
824 1889 1349 1960 penetrantissimo
1405 1873 1698 1942 minantur
1733 1889 2007 1948 hostibus

212 1999 352 2035 suis.

1032 2126 1088 2186 §·
1146 2129 1204 2183 8.

359 2260 407 2310 R
430 2276 458 2310 e
480 2277 502 2311 s
528 2277 560 2329 p
585 2258 649 2312 ir
670 2281 695 2314 a
716 2259 780 2313 ti
807 2278 838 2314 o
860 2301 877 2329 ‚
925 2260 1081 2314 omni
1125 2271 1316 2314 aetate
1342 2260 1496 2331 apud
1521 2277 1725 2314 omnes
1762 2260 2021 2324 Serpen-

170 2361 311 2424 >tes
369 2370 476 2421 ope
536 2353 877 2422 pulmonum
939 2351 1285 2425 perficitur,
1345 2370 1473 2406 cum
1513 2366 1707 2406 autem
1750 2352 2023 2423 diaphra-v.

228 2457 427 2516 gmate
470 2445 891 2509 destituantur,
951 2458 1013 2499 ut
1049 2444 1415 2499 adminiculo
1449 2445 1853 2515 respirationis
1888 2447 2025 2516 gula

228 2537 514 2590 extensili
571 2557 765 2592 aerem
816 2538 874 2591 in
926 2540 1223 2592 tracheam
1280 2550 1340 2591 et
1395 2538 1709 2608 pulmones
1752 2538 2024 2603 trahunt,

229 2628 329 2700 qui
370 2648 493 2682 cum
533 2649 779 2701 magnae
820 2631 938 2685 sint
995 2629 1338 2701 capacitatis
1394 2629 1638 2685 multum
1680 2629 1834 2683 aeris
1874 2629 2025 2681 reci-

229 2721 437 2791 piunt,
477 2723 549 2774 ob
592 2724 879 2777 minorem
916 2742 1056 2776 vero
1091 2721 1443 2777 affinitatem
1484 2722 1788 2794 sangvinis
1826 2738 2027 2776 eorum

235 2814 306 2865 ad
348 2816 700 2884 oxygenium
749 2829 809 2868 et
838 2809 979 2887 'quia
1031 2835 1213 2870 massa
1263 2814 1566 2886 sangvinis
1607 2832 1720 2866 non
1762 2825 1883 2866 tota
1922 2832 2030 2883 per

234 2907 544 2976 pulmones
579 2908 842 2974 ducitur,
882 2909 1266 2982 congestione
1306 2908 1361 2960 in
1405 2907 1714 2978 pulmones
1753 2906 1913 2981 nulla
1939 2905 2028 2958 lo-

238 3016 367 3050 cum
402 3000 696 3067 habente,
739 3000 1030 3071 ingratam
1071 2999 1234 3053 illam
1273 2997 1663 3053 sensationem
1700 3015 1812 3049 non
1850 3016 2030 3068 expe·

234 3088 495 3156 riantur,
544 3110 652 3162 qua
690 3091 962 3143 animalia
1005 3090 1374 3160 superiorum
1414 3088 1690 3142 classium
1746 3085 2030 3141 adficiun-

236 3193 336 3234 tur
377 3180 422 3234 si
465 3184 780 3253 respiratio
818 3202 1019 3236 eorum
1058 3181 1445 3252 impediatur3
1484 3180 1617 3233 hinc
1647 3181 1870 3234 diutius
1896 3198 2031 3233 aere

236 3289 477 3340 carere,
535 3286 594 3325 et
652 3275 756 3325 sub
800 3274 941 3343 ipsis
992 3247 1156 3343 asinis
1200 3273 1457 3343 longiori
1496 3284 1759 3341 tempore
1806 3272 2031 3342 degere

239 3378 496 3432 possunt.
553 3368 724 3419 Aeris
761 3379 948 3419 tamen
992 3364 1310 3436 inspirandi
1350 3363 1674 3417 absolutam
1721 3363 2037 3416 necessita-
