2174 3683
367 299 415 357 §-
457 312 545 347 20.
587 294 753 347 Vires
919 300 942 335 ‘-
1085 325 1110 336 -

345 412 410 422 -
452 398 534 433 21.
575 382 870 436 Hiematio
920 408 944 420 ··
1089 414 1113 423 -

347 503 413 515 ·-
455 492 540 527 22.
583 477 775 530 Aetas.
921 507 939 515 ·
1083 470 1106 516 ἓ
1245 505 1272 515 -
1410 503 1434 512 -

350 597 417 609 -·
457 587 542 636 23.
580 569 879 624 Habitatio
1077 595 1106 608 -

1247 600 1271 609 o
1413 601 1437 610 -
1742 605 1767 614 ς
1905 605 1932 615 αι
1999 601 2070 614 —

294 708 615 770 SECTIO
654 713 765 771 ΙΙΙ.
816 714 913 770 De
957 710 1452 771 characteribus
1487 725 1547 770 et
1587 713 1938 774 classifica·

467 820 657 878 tione
697 833 1091 899 serpentum
1254 853 1279 865 -
1409 850 1430 865 ·
1562 851 1591 863 -
1721 855 1746 869 ·
1871 856 1895 870 -
1987 833 2066 887 22

361 933 409 990 §.
453 938 541 987 24.
581 924 926 979 Difficultas
966 920 1436 977 coordinationis
1571 955 1594 965 ·
1738 957 1761 969 -
1905 957 1930 968 -
2002 954 2069 969 -.

342 1049 420 1065 -Δ
453 1020 535 1074 25.
578 1018 964 1070 Charaeteres
1007 1030 1345 1086 serpentum
1571 1044 1596 1053 -
1736 1044 1765 1059 -
1908 1051 1931 1060 -
2001 1048 2070 1063 -.-

337 1140 404 1155 --
446 1113 527 1165 26.
570 1111 933 1166 Distributio
975 1109 1350 1181 systematiea
1577 1139 1600 1147 -
1746 1143 1770 1152 -
1912 1143 1935 1153 -
2005 1111 2074 1164 25

289 1247 606 1310 SECTIO
648 1250 756 1308 IV.
819 1245 876 1332 §.
934 1260 1035 1311 27.
1101 1246 1544 1304 Enumeratio
1584 1245 1898 1324 specialis

463 1370 859 1437 serpentum
907 1353 1295 1432 Hungariae
1350 1371 1506 1411 cum
1565 1351 1897 1411 varietati-

460 1466 590 1524 bus
642 1475 707 1521 et
753 1463 1180 1541 Synonymis
1368 1491 1393 1504 -
1567 1496 1592 1508 -
1723 1495 1747 1508 -
1882 1495 1906 1508 -
1998 1475 2079 1529 30

290 1593 612 1656 SECTIO
650 1593 731 1652 V.
772 1594 869 1653 De
910 1611 1039 1652 usu
1081 1604 1147 1652 et
1184 1580 1686 1675 significatione
1717 1614 1901 1673 sym·

411 1718 413 1720 ’
465 1704 697 1762 bolica
737 1717 1130 1782 serpentum
1220 1733 1246 1747 -
1416 1738 1441 1750 -
1571 1738 1596 1751 -
1726 1741 1750 1753 -
1880 1738 1905 1751 -
1995 1700 2074 1773 Δῖ

362 1818 409 1875 §.
451 1814 535 1862 28.
574 1812 727 1866 'Usus
769 1821 1106 1879 serpentum
1246 1840 1270 1850 -
1411 1836 1434 1844 -
1581 1840 1604 1849 -
1747 1841 1771 1852 -
1912 1843 1938 1853 -
2007 1839 2077 1856 .-

347 1931 413 1942 --
458 1919 541 1972 29.
588 1900 966 1975 Significatio
1004 1899 1331 1972 symbolica
1371 1913 1710 1971 serpentum
1919 1930 1942 1942 -
2011 1914 2080 1967 48

293 2037 618 2099 SECTIO
659 2038 774 2096 VI.
859 2037 958 2096 De
1002 2036 1440 2117 serpentibus
1492 2039 1876 2112 venenatis,

462 2166 733 2204 veneno
768 2165 1047 2217 eorum,
1092 2158 1158 2203 et
1195 2163 1351 2204 cura
1396 2148 1479 2206 ab
1521 2147 1606 2204 iis
1640 2148 1906 2208 demor-

466 2276 699 2316 sorum
934 2284 961 2297 -
1135 2286 1163 2298 -
1338 2287 1363 2300 -
1536 2290 1560 2302 -
1734 2291 1759 2304 -
1884 2289 1910 2307 ..
2001 2266 2086 2323 50

366 2369 414 2426 §.
456 2362 548 2417 50,
584 2348 979 2414 Differentiae
1017 2359 1175 2412 inter
1203 2372 1524 2414 venenatos
1565 2373 1622 2412 et
1667 2360 1971 2420 innocuos.
2012 2390 2083 2403 --

347 2482 412 2495 ·-
455 2433 539 2507 3‘1.
579 2453 796 2506 Veneni
837 2454 1300 2505 charactereset
1338 2449 1581 2504 effeetus
1754 2483 1776 2493 -
1915 2486 1940 2494 -
2012 2456 2078 2508 52

347 2572 413 2586 ·-
451 2548 537 2599 52.
581 2544 732 2599 Cura
766 2558 826 2599 et
865 2542 1129 2598 antidota
1167 2543 1382 2597 veneni
1425 2555 1766 2615 serpentum
1918 2579 1943 2589 -
2011 2547 2080 2599 56
