2204 3764
935 163 1247 213 ...5.-

201 301 263 354 in
302 298 715 372 subsequentis
747 300 1057 355 vertebrae
1107 300 1325 355 fossam
1381 300 1786 374 glenoidalem
1843 303 1986 356 insi-

201 404 450 445 nuantur
473 427 490 454 ‚
530 405 689 445 motu
720 392 956 446 laterali
991 391 1304 470 liberrimo
1339 394 1682 462 superstite.
1757 394 1983 464 Cuique

199 483 511 536 vertebrae
536 502 707 536 unum
731 502 836 555 par
856 497 1150 540 costarum
1171 521 1188 546 ,
1224 484 1431 556 hisque
1453 486 1606 556 apud
1639 487 1837 556 plures
1863 506 1986 540 ser-

205 585 446 644 pentum
485 574 713 644 species
747 595 921 630 unum
954 590 1180 631 scutum
1213 576 1592 630 abdominale
1623 578 1983 646 respondet,

199 664 414 719 Costae
447 664 503 718 in
543 667 739 721 medio
777 670 1043 740 corporis
1076 668 1357 722 maximae
1393 681 1562 734 sunt,
1595 668 1751 720 haud
1788 681 1985 721 tamen

198 756 358 812 inter
379 776 440 812 se
466 762 849 826 conveniunt,
884 761 1181 815 vertebris
1216 760 1563 815 caudalibus
1589 760 1819 814 desunt.
1862 760 1986 813 Me-

153 875 156 878 *
197 846 492 901 morabile
528 862 616 902 est
652 862 958 922 serpentes
991 868 1232 904 numero
1268 862 1559 903 costarum
1596 851 1797 918 (saepe
1836 848 1989 902 ultra

193 942 369 992 500·a
410 939 647 1010 adsunt)
684 941 879 996 omnia
915 959 1191 1013 superare
1229 941 1526 995 animalia.
1589 941 1835 994 Praeter
1869 938 1985 1011 jam

204 1047 527 1089 memorata
567 1053 699 1090 ossa
733 1036 790 1088 in
827 1035 1203 1109 quibusdam:
1245 1035 1330 1088 uti
1355 1034 1674 1105 ophisauro
1698 1047 1756 1088 ct
1778 1034 1987 1106 angvi-

201 1130 309 1183 bus
349 1129 679 1182 rudimenta
740 1130 1141 1201 scapularum,
1190 1126 1644 1187 clavicularum,
1701 1139 1761 1180 et
1800 1129 1992 1197 pelvis

200 1221 432 1274 adsunt.
504 1220 752 1274 Fabrica
786 1211 894 1274 hac
939 1219 1150 1274 sceleti
1188 1220 1399 1273 affines
1452 1233 1585 1273 sunt
1626 1218 1890 1287 Samiis,
1934 1233 1991 1276 et

194 1312 432 1385 quidem
492 1311 708 1366 infimis
742 1353 761 1382 ,
815 1312 1148 1386 Bipedibus
1179 1352 1198 1381 ‚
1259 1311 1471 1383 quippe
1531 1324 1591 1365 et
1630 1312 1983 1384 Pseudopis.

199 1403 705 1479 (Scheltopusilz.)

975 1563 1028 1622 §.
1082 1561 1141 1619 5.

334 1688 564 1763 Syste
590 1706 693 1741 ma
733 1706 909 1743 vaso
934 1707 1103 1743 rum.
1170 1691 1285 1742 Cor
1323 1706 1490 1745 sacco
1516 1690 1659 1744 satis
1698 1688 1862 1743 firmo
1886 1710 1990 1761 pe-
2047 1734 2049 1736 .

201 1780 513 1836 ricardium
541 1780 863 1834 mentiente
890 1781 1178 1836 inclusum
1200 1818 1218 1843 ,
1249 1801 1279 1836 a
1299 1783 1564 1853 corporis
1601 1784 1990 1853 proportione

195 1892 451 1944 parvum.
512 1873 683 1928 Sinus
723 1874 921 1929 cordis
944 1875 1059 1929 duo
1100 1893 1229 1929 esse
1274 1876 1503 1938 solent,
1533 1877 1645 1949 ¹qui
1681 1890 1877 1930 tamen
1906 1876 1991 1928 in-

193 1979 352 2020 terse
375 1965 838 2034 communicant3
881 1965 1038 2020 sinus
1065 1966 1422 2037 pulmonalis
1448 1966 1641 2020 minor
1659 1965 1998 2039 angustior,

197 2071 257 2111 et
298 2059 457 2112 sinus
492 2078 770 2114 venarum
806 2078 1071 2114 cavarum
1101 2060 1287 2113 multo
1313 2059 1587 2130 amplior.
1645 2058 1988 2112 Ventriculo

193 2150 390 2204 cordis
418 2151 591 2205 unico
617 2152 920 2225 oblong0‚
957 2170 1240 2213 carnos0,
1275 2170 1451 2222 saepe
1492 2152 1549 2204 in
1590 2152 1991 2205 loculamenta

200 2242 389 2297 diviso
443 2244 705 2314 gaudent
732 2286 749 2312 ‚
821 2258 1067 2314 quorum
1136 2243 1589 2298 communicatio
1650 2256 1991 2299 constanter

192 2335 695 2395 animadvertitur.
770 2336 1118 2390 Collocatur
1153 2351 1345 2390 autem
1389 2356 1491 2390 cor
1530 2338 1587 2389 in
1630 2337 1826 2390 medio
1863 2354 1994 2388 ror-

196 2426 356 2498 poris
389 2426 553 2498 apice
608 2429 936 2491 inferiora,
991 2442 1051 2483 et
1101 2429 1285 2501 magis
1339 2429 1606 2482 dextram
1652 2447 1856 2482 versus
1902 2428 1992 2479 di-'·

193 2531 377 2572 rectO.
431 2519 681 2574 Arteriis
720 2534 779 2574 et
803 2521 965 2574 venis
990 2521 1357 2575 instruuntur
1392 2532 1698 2590 serpentes
1739 2537 1993 2591 genera-1

193 2610 303 2664 tim
336 2611 615 2687 tenuibus
649 2613 1147 2680 inembranacei5‚
1191 2612 1411 2665 interse
1449 2612 1604 2664 haud
1649 2612 1990 2676 discrepan-

194 2702 392 2770 tibus3
443 2704 692 2758 valvulis
748 2706 1168 2759 destituuntur.
1252 2707 1414 2757 Inter
1472 2703 1719 2757 arterias
1776 2704 1989 2757 adsunt.

193 2797 409 2862 Aorta,
461 2814 606 2865 quae
659 2795 730 2848 ad
786 2797 873 2849 sui
928 2815 997 2850 ex
1049 2797 1228 2849 corde
1288 2796 1585 2868 originem
1633 2795 1977 2866 bi-partita‚

191 2898 412 2939 tantum
452 2886 694 2940 inferius
734 2887 920 2959 magis
959 2888 1030 2939 ad
1065 2889 1391 2940 columnam
1425 2884 1981 2959 vertebralemffcoaa

195 2977 410 3039 lescit,
450 2996 514 3030 ac
560 2978 777 3031 iterum
837 2978 1251 3036 distribuitur,
1298 2997 1488 3032 ramos
1523 2978 1848 3032 arteriosos
1872 2975 1985 3028 toti

168 3054 170 3056 V
196 3058 426 3138 corpori
454 3068 797 3140 impertiens
819 3104 836 3128 ,
871 3069 1090 3122 arteria
1130 3069 1493 3139 pulmonalis
1528 3069 1780 3139 simplex
1806 3067 1983 3120 etiam

197 3177 270 3213 ex
308 3159 488 3211 corde
530 3158 826 3230 originem
859 3159 1236 3213 nanciscitur.
1293 3160 1448 3211 Vena
1485 3170 1802 3228 portarum,
1827 3175 1982 3224 cava,

196 3262 257 3302 et
290 3251 745 3320 pulmonalibus.
776 3251 1179 3321 providentur.
1252 3251 1400 3303 Vasa
1447 3248 1834 3320 lymphatica,
1875 3250 1978 3302 aba·

195 3341 534 3412 soi-hemia,
575 3355 635 3397 et
673 3342 1006 3397 exhalantia
1044 3360 1354 3397 numerosa
1389 3343 1626 3395 habent.
