<?xml version="1.0" encoding="UTF-8"?>
<!DOCTYPE html PUBLIC "-//W3C//DTD XHTML 1.0 Transitional//EN"
    "http://www.w3.org/TR/xhtml1/DTD/xhtml1-transitional.dtd">
<html xmlns="http://www.w3.org/1999/xhtml" xml:lang="en" lang="en">
 <head>
  <title>
</title>
<meta http-equiv="Content-Type" content="text/html;charset=utf-8" />
  <meta name='ocr-system' content='tesseract 3.04.00' />
  <meta name='ocr-capabilities' content='ocr_page ocr_carea ocr_par ocr_line ocrx_word'/>
</head>
<body>
  <div class='ocr_page' id='page_1' title='image "./monographiaserpe00friv_0071.png"; bbox 0 0 2204 3764; ppageno 0'>
   <div class='ocr_carea' id='block_1_1' title="bbox 963 196 1308 265">
    <p class='ocr_par' dir='ltr' id='par_1_1' title="bbox 963 196 1308 265">
     <span class='ocr_line' id='line_1_1' title="bbox 963 196 1308 265; baseline -0.009 -22"><span class='ocrx_word' id='word_1_1' title='bbox 963 196 1308 265; x_wconf 63' lang='lat'>-59...</span> 
     </span>
    </p>
   </div>
   <div class='ocr_carea' id='block_1_2' title="bbox 240 337 2086 2412">
    <p class='ocr_par' dir='ltr' id='par_1_2' title="bbox 240 337 2086 2412">
     <span class='ocr_line' id='line_1_2' title="bbox 249 337 2021 413; baseline -0.001 -19"><span class='ocrx_word' id='word_1_2' title='bbox 249 361 378 413; x_wconf 85' lang='lat' dir='ltr'>esse</span> <span class='ocrx_word' id='word_1_3' title='bbox 421 343 622 396; x_wconf 77' lang='lat' dir='ltr'>evadet</span> <span class='ocrx_word' id='word_1_4' title='bbox 660 341 730 393; x_wconf 86' lang='lat' dir='ltr'>ad</span> <span class='ocrx_word' id='word_1_5' title='bbox 772 339 905 392; x_wconf 88' lang='lat' dir='ltr'>olea</span> <span class='ocrx_word' id='word_1_6' title='bbox 929 382 945 408; x_wconf 85' lang='lat'><em>‚</em></span> <span class='ocrx_word' id='word_1_7' title='bbox 990 339 1284 410; x_wconf 82' lang='lat' dir='ltr'>imprimis-</span> <span class='ocrx_word' id='word_1_8' title='bbox 1316 338 1822 408; x_wconf 81' lang='lat' dir='ltr'>Terebinthinae‚</span> <span class='ocrx_word' id='word_1_9' title='bbox 1859 337 2021 412; x_wconf 79' lang='lat' dir='ltr'>cujus</span> 
     </span>
     <span class='ocr_line' id='line_1_3' title="bbox 248 426 2024 502; baseline -0.002 -19"><span class='ocrx_word' id='word_1_10' title='bbox 248 431 563 501; x_wconf 76' lang='lat' dir='ltr'>praecipue</span> <span class='ocrx_word' id='word_1_11' title='bbox 600 428 794 484; x_wconf 85' lang='lat' dir='ltr'>calide</span> <span class='ocrx_word' id='word_1_12' title='bbox 836 428 1109 500; x_wconf 80' lang='lat' dir='ltr'>appliciti</span> <span class='ocrx_word' id='word_1_13' title='bbox 1151 447 1414 502; x_wconf 80' lang='lat' dir='ltr'>magnam</span> <span class='ocrx_word' id='word_1_14' title='bbox 1455 426 1771 481; x_wconf 82' lang='lat' dir='ltr'>efficaciam</span> <span class='ocrx_word' id='word_1_15' title='bbox 1814 446 2024 497; x_wconf 87' lang='lat' dir='ltr'>exper-</span> 
     </span>
     <span class='ocr_line' id='line_1_4' title="bbox 249 521 2022 593; baseline -0.001 -19"><span class='ocrx_word' id='word_1_16' title='bbox 249 536 342 576; x_wconf 88' lang='lat' dir='ltr'>tus</span> <span class='ocrx_word' id='word_1_17' title='bbox 382 537 490 576; x_wconf 85' lang='lat' dir='ltr'>est.</span> <span class='ocrx_word' id='word_1_18' title='bbox 544 523 704 575; x_wconf 83' lang='lat' dir='ltr'><strong>Idem</strong></span> <span class='ocrx_word' id='word_1_19' title='bbox 742 523 946 577; x_wconf 83' lang='lat' dir='ltr'>svadet</span> <span class='ocrx_word' id='word_1_20' title='bbox 985 522 1418 576; x_wconf 78' lang='lat' dir='ltr'>immersionem</span> <span class='ocrx_word' id='word_1_21' title='bbox 1465 522 1643 593; x_wconf 88' lang='lat' dir='ltr'>partis</span> <span class='ocrx_word' id='word_1_22' title='bbox 1690 539 1913 574; x_wconf 87' lang='lat' dir='ltr'>morsae</span> <span class='ocrx_word' id='word_1_23' title='bbox 1960 521 2022 573; x_wconf 22' lang='lat' dir='ltr'>vin</span> 
     </span>
     <span class='ocr_line' id='line_1_5' title="bbox 247 610 2023 686; baseline -0.002 -21"><span class='ocrx_word' id='word_1_24' title='bbox 247 633 449 686; x_wconf 70' lang='lat' dir='ltr'>aquam</span> <span class='ocrx_word' id='word_1_25' title='bbox 485 628 582 668; x_wconf 87' lang='lat' dir='ltr'>aut</span> <span class='ocrx_word' id='word_1_26' title='bbox 626 634 860 686; x_wconf 89' lang='lat' dir='ltr'>puram,</span> <span class='ocrx_word' id='word_1_27' title='bbox 901 628 999 667; x_wconf 89' lang='lat' dir='ltr'>aut</span> <span class='ocrx_word' id='word_1_28' title='bbox 1041 633 1184 685; x_wconf 88' lang='lat' dir='ltr'>aqua</span> <span class='ocrx_word' id='word_1_29' title='bbox 1220 612 1435 680; x_wconf 90' lang='lat' dir='ltr'>calcis,</span> <span class='ocrx_word' id='word_1_30' title='bbox 1477 627 1537 667; x_wconf 87' lang='lat' dir='ltr'>et</span> <span class='ocrx_word' id='word_1_31' title='bbox 1574 613 1694 666; x_wconf 90' lang='lat' dir='ltr'>sale</span> <span class='ocrx_word' id='word_1_32' title='bbox 1733 610 2023 666; x_wconf 87' lang='lat' dir='ltr'>communi</span> 
     </span>
     <span class='ocr_line' id='line_1_6' title="bbox 249 702 2025 777; baseline -0.002 -18"><span class='ocrx_word' id='word_1_33' title='bbox 249 706 750 777; x_wconf 82' lang='lat' dir='ltr'>impraegnatam,</span> <span class='ocrx_word' id='word_1_34' title='bbox 806 708 900 760; x_wconf 86' lang='lat' dir='ltr'>vel</span> <span class='ocrx_word' id='word_1_35' title='bbox 953 706 1376 760; x_wconf 69' lang='lat' dir='ltr'>scarificatione</span> <span class='ocrx_word' id='word_1_36' title='bbox 1429 705 1747 776; x_wconf 88' lang='lat' dir='ltr'>praemissa</span> <span class='ocrx_word' id='word_1_37' title='bbox 1787 702 2025 774; x_wconf 75' lang='lat' dir='ltr'>Lapidis</span> 
     </span>
     <span class='ocr_line' id='line_1_7' title="bbox 250 795 2027 871; baseline -0.001 -21"><span class='ocrx_word' id='word_1_38' title='bbox 250 799 556 852; x_wconf 81' lang='lat' dir='ltr'>infernalis</span> <span class='ocrx_word' id='word_1_39' title='bbox 615 799 1093 869; x_wconf 79' lang='lat' dir='ltr'>applicationem.</span> <span class='ocrx_word' id='word_1_40' title='bbox 1164 800 1612 871; x_wconf 80' lang='lat' dir='ltr'>Deligationem</span> <span class='ocrx_word' id='word_1_41' title='bbox 1658 795 2027 852; x_wconf 80' lang='lat' dir='ltr'>commendat</span> 
     </span>
     <span class='ocr_line' id='line_1_8' title="bbox 251 890 2027 964; baseline -0.001 -22"><span class='ocrx_word' id='word_1_42' title='bbox 251 890 511 960; x_wconf 90' lang='lat' dir='ltr'>impense</span> <span class='ocrx_word' id='word_1_43' title='bbox 547 909 616 944; x_wconf 84' lang='lat' dir='ltr'>ex</span> <span class='ocrx_word' id='word_1_44' title='bbox 651 909 756 954; x_wconf 90' lang='lat' dir='ltr'>e0‚</span> <span class='ocrx_word' id='word_1_45' title='bbox 796 892 951 963; x_wconf 91' lang='lat' dir='ltr'>quod</span> <span class='ocrx_word' id='word_1_46' title='bbox 985 892 1235 945; x_wconf 84' lang='lat' dir='ltr'>circuitu</span> <span class='ocrx_word' id='word_1_47' title='bbox 1261 891 1560 964; x_wconf 78' lang='lat' dir='ltr'>sangvinis</span> <span class='ocrx_word' id='word_1_48' title='bbox 1585 891 1641 942; x_wconf 92' lang='lat' dir='ltr'>in</span> <span class='ocrx_word' id='word_1_49' title='bbox 1670 902 1828 961; x_wconf 81' lang='lat' dir='ltr'>parte</span> <span class='ocrx_word' id='word_1_50' title='bbox 1866 890 2027 942; x_wconf 90' lang='lat' dir='ltr'>laesa</span> 
     </span>
     <span class='ocr_line' id='line_1_9' title="bbox 250 979 2025 1060; baseline -0.001 -25"><span class='ocrx_word' id='word_1_51' title='bbox 250 981 576 1060; x_wconf 84' lang='lat' dir='ltr'>impeditO,</span> <span class='ocrx_word' id='word_1_52' title='bbox 616 984 1071 1039; x_wconf 48' lang='lat' dir='ltr'>communicatio</span> <span class='ocrx_word' id='word_1_53' title='bbox 1102 984 1314 1037; x_wconf 84' lang='lat' dir='ltr'>veneni</span> <span class='ocrx_word' id='word_1_54' title='bbox 1354 982 1742 1053; x_wconf 81' lang='lat' dir='ltr'>impediatur,</span> <span class='ocrx_word' id='word_1_55' title='bbox 1775 994 1835 1035; x_wconf 87' lang='lat' dir='ltr'>et</span> <span class='ocrx_word' id='word_1_56' title='bbox 1860 979 2025 1042; x_wconf 51' lang='lat' dir='ltr'>¹aetio</span> 
     </span>
     <span class='ocr_line' id='line_1_10' title="bbox 245 1072 2025 1147; baseline -0.001 -22"><span class='ocrx_word' id='word_1_57' title='bbox 245 1072 372 1142; x_wconf 85' lang='lat' dir='ltr'>ejus</span> <span class='ocrx_word' id='word_1_58' title='bbox 431 1074 668 1147; x_wconf 89' lang='lat' dir='ltr'>inimica</span> <span class='ocrx_word' id='word_1_59' title='bbox 710 1075 894 1146; x_wconf 83' lang='lat' dir='ltr'>magis</span> <span class='ocrx_word' id='word_1_60' title='bbox 939 1080 1009 1128; x_wconf 89' lang='lat' dir='ltr'>ad</span> <span class='ocrx_word' id='word_1_61' title='bbox 1049 1089 1266 1145; x_wconf 87' lang='lat' dir='ltr'>partem</span> <span class='ocrx_word' id='word_1_62' title='bbox 1319 1075 1539 1128; x_wconf 84' lang='lat' dir='ltr'>laesam</span> <span class='ocrx_word' id='word_1_63' title='bbox 1591 1074 2025 1146; x_wconf 56' lang='lat' dir='ltr'>resti-iugatum</span> 
     </span>
     <span class='ocr_line' id='line_1_11' title="bbox 240 1163 2028 1238; baseline -0.001 -23"><span class='ocrx_word' id='word_1_64' title='bbox 240 1166 764 1220; x_wconf 82' lang='lat' dir='ltr'>Electrisationem</span> <span class='ocrx_word' id='word_1_65' title='bbox 806 1185 1033 1237; x_wconf 80' lang='lat' dir='ltr'>quoque</span> <span class='ocrx_word' id='word_1_66' title='bbox 1076 1167 1251 1236; x_wconf 81' lang='lat' dir='ltr'>partis</span> <span class='ocrx_word' id='word_1_67' title='bbox 1295 1166 1492 1220; x_wconf 82' lang='lat' dir='ltr'>laesae</span> <span class='ocrx_word' id='word_1_68' title='bbox 1529 1164 1826 1238; x_wconf 84' lang='lat' dir='ltr'>quidpiam</span> <span class='ocrx_word' id='word_1_69' title='bbox 1866 1163 2028 1234; x_wconf 62' lang='lat' dir='ltr'>juva.-</span> 
     </span>
     <span class='ocr_line' id='line_1_12' title="bbox 240 1257 2086 1328; baseline -0.001 -17"><span class='ocrx_word' id='word_1_70' title='bbox 240 1258 414 1312; x_wconf 83' lang='lat' dir='ltr'>minis</span> <span class='ocrx_word' id='word_1_71' title='bbox 441 1258 676 1311; x_wconf 85' lang='lat' dir='ltr'>adferre</span> <span class='ocrx_word' id='word_1_72' title='bbox 712 1276 882 1327; x_wconf 88' lang='lat' dir='ltr'>posse</span> <span class='ocrx_word' id='word_1_73' title='bbox 912 1270 1184 1310; x_wconf 82' lang='lat' dir='ltr'>autumat.</span> <span class='ocrx_word' id='word_1_74' title='bbox 1225 1257 1302 1310; x_wconf 85' lang='lat' dir='ltr'>Ut</span> <span class='ocrx_word' id='word_1_75' title='bbox 1320 1257 1678 1312; x_wconf 86' lang='lat' dir='ltr'>tutissimum</span> <span class='ocrx_word' id='word_1_76' title='bbox 1706 1257 2030 1312; x_wconf 87' lang='lat' dir='ltr'>remedium</span> <span class='ocrx_word' id='word_1_77' title='bbox 2083 1326 2086 1328; x_wconf 82' lang='lat'>.</span> 
     </span>
     <span class='ocr_line' id='line_1_13' title="bbox 245 1349 2028 1420; baseline 0.001 -19"><span class='ocrx_word' id='word_1_78' title='bbox 245 1349 525 1420; x_wconf 80' lang='lat' dir='ltr'>proponit</span> <span class='ocrx_word' id='word_1_79' title='bbox 547 1349 1000 1418; x_wconf 84' lang='lat' dir='ltr'>amputationem</span> <span class='ocrx_word' id='word_1_80' title='bbox 1027 1350 1206 1419; x_wconf 84' lang='lat' dir='ltr'>partis</span> <span class='ocrx_word' id='word_1_81' title='bbox 1230 1350 1447 1402; x_wconf 84' lang='lat' dir='ltr'>laesae.</span> <span class='ocrx_word' id='word_1_82' title='bbox 1486 1352 1548 1401; x_wconf 87' lang='lat' dir='ltr'>C.</span> <span class='ocrx_word' id='word_1_83' title='bbox 1580 1351 1911 1407; x_wconf 78' lang='lat' dir='ltr'><strong>hAURENTI</strong></span> <span class='ocrx_word' id='word_1_84' title='bbox 1943 1349 2028 1414; x_wconf 68' lang='lat' dir='ltr'>m)</span> 
     </span>
     <span class='ocr_line' id='line_1_14' title="bbox 242 1438 2030 1514; baseline 0.002 -21"><span class='ocrx_word' id='word_1_85' title='bbox 242 1442 641 1508; x_wconf 78' lang='lat' dir='ltr'>experimenta</span> <span class='ocrx_word' id='word_1_86' title='bbox 681 1438 739 1490; x_wconf 91' lang='lat' dir='ltr'>in</span> <span class='ocrx_word' id='word_1_87' title='bbox 778 1440 1008 1492; x_wconf 68' lang='lat' dir='ltr'>Austria</span> <span class='ocrx_word' id='word_1_88' title='bbox 1049 1440 1215 1509; x_wconf 92' lang='lat' dir='ltr'>plura</span> <span class='ocrx_word' id='word_1_89' title='bbox 1256 1441 1550 1509; x_wconf 85' lang='lat' dir='ltr'>instituit,</span> <span class='ocrx_word' id='word_1_90' title='bbox 1589 1455 1760 1514; x_wconf 88' lang='lat' dir='ltr'>atque</span> <span class='ocrx_word' id='word_1_91' title='bbox 1800 1442 2030 1513; x_wconf 78' lang='lat' dir='ltr'>reperit</span> 
     </span>
     <span class='ocr_line' id='line_1_15' title="bbox 240 1532 2025 1605; baseline 0.002 -23"><span class='ocrx_word' id='word_1_92' title='bbox 240 1532 436 1584; x_wconf 77' lang='lat' dir='ltr'>oleum</span> <span class='ocrx_word' id='word_1_93' title='bbox 476 1535 796 1601; x_wconf 88' lang='lat' dir='ltr'>olivarum,</span> <span class='ocrx_word' id='word_1_94' title='bbox 843 1547 942 1588; x_wconf 82' lang='lat' dir='ltr'>aut</span> <span class='ocrx_word' id='word_1_95' title='bbox 975 1533 1467 1605; x_wconf 80' lang='lat' dir='ltr'>Amygdalarum,</span> <span class='ocrx_word' id='word_1_96' title='bbox 1509 1535 1684 1588; x_wconf 86' lang='lat' dir='ltr'>etiam</span> <span class='ocrx_word' id='word_1_97' title='bbox 1719 1536 1854 1588; x_wconf 87' lang='lat' dir='ltr'>oleo</span> <span class='ocrx_word' id='word_1_98' title='bbox 1896 1551 2025 1588; x_wconf 84' lang='lat' dir='ltr'>suc-</span> 
     </span>
     <span class='ocr_line' id='line_1_16' title="bbox 244 1623 2028 1698; baseline 0.002 -23"><span class='ocrx_word' id='word_1_99' title='bbox 244 1623 361 1675; x_wconf 83' lang='lat' dir='ltr'>cini</span> <span class='ocrx_word' id='word_1_100' title='bbox 405 1625 685 1698; x_wconf 76' lang='lat' dir='ltr'>mixtum,</span> <span class='ocrx_word' id='word_1_101' title='bbox 727 1626 782 1678; x_wconf 91' lang='lat' dir='ltr'>in</span> <span class='ocrx_word' id='word_1_102' title='bbox 811 1664 823 1685; x_wconf 90' lang='lat'><strong><em>‚</em></strong></span> <span class='ocrx_word' id='word_1_103' title='bbox 881 1640 939 1679; x_wconf 84' lang='lat' dir='ltr'>et</span> <span class='ocrx_word' id='word_1_104' title='bbox 989 1639 1233 1678; x_wconf 85' lang='lat' dir='ltr'>externe</span> <span class='ocrx_word' id='word_1_105' title='bbox 1289 1625 1619 1678; x_wconf 85' lang='lat' dir='ltr'>adhibitum</span> <span class='ocrx_word' id='word_1_106' title='bbox 1647 1666 1660 1688; x_wconf 86' lang='lat'>‚</span> <span class='ocrx_word' id='word_1_107' title='bbox 1703 1627 1773 1678; x_wconf 92' lang='lat' dir='ltr'>ab</span> <span class='ocrx_word' id='word_1_108' title='bbox 1818 1624 2028 1698; x_wconf 82' lang='lat' dir='ltr'>Anglis</span> 
     </span>
     <span class='ocr_line' id='line_1_17' title="bbox 246 1711 2029 1776; baseline 0.003 -14"><span class='ocrx_word' id='word_1_109' title='bbox 246 1711 492 1766; x_wconf 81' lang='lat' dir='ltr'>multum</span> <span class='ocrx_word' id='word_1_110' title='bbox 532 1716 895 1768; x_wconf 86' lang='lat' dir='ltr'>celebratum</span> <span class='ocrx_word' id='word_1_111' title='bbox 920 1754 932 1776; x_wconf 92' lang='lat'>‚</span> <span class='ocrx_word' id='word_1_112' title='bbox 974 1716 1289 1769; x_wconf 87' lang='lat' dir='ltr'>lethiferos</span> <span class='ocrx_word' id='word_1_113' title='bbox 1328 1715 1539 1768; x_wconf 82' lang='lat' dir='ltr'>veneni</span> <span class='ocrx_word' id='word_1_114' title='bbox 1577 1716 1838 1769; x_wconf 85' lang='lat' dir='ltr'>effectus</span> <span class='ocrx_word' id='word_1_115' title='bbox 1874 1715 2029 1768; x_wconf 89' lang='lat' dir='ltr'>haud</span> 
     </span>
     <span class='ocr_line' id='line_1_18' title="bbox 249 1798 2029 1873; baseline 0.001 -22"><span class='ocrx_word' id='word_1_116' title='bbox 249 1815 623 1870; x_wconf 86' lang='lat' dir='ltr'>praevertere</span> <span class='ocrx_word' id='word_1_117' title='bbox 683 1805 971 1873; x_wconf 85' lang='lat' dir='ltr'>potuisse.</span> <span class='ocrx_word' id='word_1_118' title='bbox 1052 1806 1213 1858; x_wconf 93' lang='lat' dir='ltr'>ldem</span> <span class='ocrx_word' id='word_1_119' title='bbox 1266 1805 1527 1858; x_wconf 84' lang='lat' dir='ltr'>declarat</span> <span class='ocrx_word' id='word_1_120' title='bbox 1576 1803 1632 1855; x_wconf 85' lang='lat' dir='ltr'>in</span> <span class='ocrx_word' id='word_1_121' title='bbox 1692 1806 1804 1856; x_wconf 90' lang='lat' dir='ltr'>hoc</span> <span class='ocrx_word' id='word_1_122' title='bbox 1861 1798 2029 1855; x_wconf 86' lang='lat' dir='ltr'>fatali</span> 
     </span>
     <span class='ocr_line' id='line_1_19' title="bbox 246 1893 2034 1966; baseline 0.002 -21"><span class='ocrx_word' id='word_1_123' title='bbox 246 1911 380 1945; x_wconf 74' lang='lat' dir='ltr'>casu</span> <span class='ocrx_word' id='word_1_124' title='bbox 406 1893 654 1964; x_wconf 86' lang='lat' dir='ltr'>Opium,</span> <span class='ocrx_word' id='word_1_125' title='bbox 693 1897 1114 1966; x_wconf 81' lang='lat' dir='ltr'>Camphoram,</span> <span class='ocrx_word' id='word_1_126' title='bbox 1154 1898 1463 1951; x_wconf 84' lang='lat' dir='ltr'>Aconitum</span> <span class='ocrx_word' id='word_1_127' title='bbox 1499 1896 1758 1950; x_wconf 82' lang='lat' dir='ltr'>efficacia</span> <span class='ocrx_word' id='word_1_128' title='bbox 1794 1911 2034 1958; x_wconf 87' lang='lat' dir='ltr'>carere;</span> 
     </span>
     <span class='ocr_line' id='line_1_20' title="bbox 249 1984 2034 2059; baseline 0.004 -24"><span class='ocrx_word' id='word_1_129' title='bbox 249 1984 482 2054; x_wconf 87' lang='lat' dir='ltr'>propria</span> <span class='ocrx_word' id='word_1_130' title='bbox 533 1987 734 2040; x_wconf 77' lang='lat' dir='ltr'>doctus</span> <span class='ocrx_word' id='word_1_131' title='bbox 781 1990 1143 2058; x_wconf 81' lang='lat' dir='ltr'>experientia</span> <span class='ocrx_word' id='word_1_132' title='bbox 1195 2003 1254 2042; x_wconf 88' lang='lat' dir='ltr'>ut</span> <span class='ocrx_word' id='word_1_133' title='bbox 1293 1991 1616 2043; x_wconf 84' lang='lat' dir='ltr'>antidotum</span> <span class='ocrx_word' id='word_1_134' title='bbox 1656 1989 2034 2059; x_wconf 83' lang='lat' dir='ltr'>praestantis-</span> 
     </span>
     <span class='ocr_line' id='line_1_21' title="bbox 246 2074 2030 2153; baseline 0.001 -28"><span class='ocrx_word' id='word_1_135' title='bbox 246 2074 449 2133; x_wconf 84' lang='lat' dir='ltr'>simum</span> <span class='ocrx_word' id='word_1_136' title='bbox 488 2078 797 2146; x_wconf 85' lang='lat' dir='ltr'>proponit:</span> <span class='ocrx_word' id='word_1_137' title='bbox 836 2079 1185 2131; x_wconf 81' lang='lat' dir='ltr'>Mercurium</span> <span class='ocrx_word' id='word_1_138' title='bbox 1241 2098 1612 2153; x_wconf 78' lang='lat' dir='ltr'>gummosum</span> <span class='ocrx_word' id='word_1_139' title='bbox 1654 2078 1934 2138; x_wconf 76' lang='lat' dir='ltr'>Plenkii,</span> <span class='ocrx_word' id='word_1_140' title='bbox 1974 2087 2030 2128; x_wconf 81' lang='lat' dir='ltr'>et</span> 
     </span>
     <span class='ocr_line' id='line_1_22' title="bbox 249 2166 2024 2242; baseline 0.003 -26"><span class='ocrx_word' id='word_1_141' title='bbox 249 2166 546 2235; x_wconf 86' lang='lat' dir='ltr'>pulverem</span> <span class='ocrx_word' id='word_1_142' title='bbox 606 2170 817 2224; x_wconf 80' lang='lat' dir='ltr'>radicis</span> <span class='ocrx_word' id='word_1_143' title='bbox 872 2171 1232 2237; x_wconf 82' lang='lat' dir='ltr'>Gentianae,</span> <span class='ocrx_word' id='word_1_144' title='bbox 1273 2173 1344 2224; x_wconf 89' lang='lat' dir='ltr'>ad</span> <span class='ocrx_word' id='word_1_145' title='bbox 1399 2172 1559 2225; x_wconf 78' lang='lat' dir='ltr'>sitim</span> <span class='ocrx_word' id='word_1_146' title='bbox 1613 2185 1677 2225; x_wconf 88' lang='lat' dir='ltr'>ut</span> <span class='ocrx_word' id='word_1_147' title='bbox 1721 2171 2024 2242; x_wconf 81' lang='lat' dir='ltr'>plurimum</span> 
     </span>
     <span class='ocr_line' id='line_1_23' title="bbox 248 2258 2023 2336; baseline 0.001 -26"><span class='ocrx_word' id='word_1_148' title='bbox 248 2275 615 2328; x_wconf 82' lang='lat' dir='ltr'>praesentem</span> <span class='ocrx_word' id='word_1_149' title='bbox 668 2265 1154 2336; x_wconf 78' lang='lat' dir='ltr'>exstinguendam</span> <span class='ocrx_word' id='word_1_150' title='bbox 1195 2265 1514 2320; x_wconf 87' lang='lat' dir='ltr'>Decoctum</span> <span class='ocrx_word' id='word_1_151' title='bbox 1552 2264 1832 2319; x_wconf 85' lang='lat' dir='ltr'>soliorum</span> <span class='ocrx_word' id='word_1_152' title='bbox 1870 2258 2023 2313; x_wconf 84' lang='lat' dir='ltr'>Gen-</span> 
     </span>
     <span class='ocr_line' id='line_1_24' title="bbox 246 2349 1128 2412; baseline 0.007 -9"><span class='ocrx_word' id='word_1_153' title='bbox 246 2349 438 2405; x_wconf 80' lang='lat' dir='ltr'>tianae</span> <span class='ocrx_word' id='word_1_154' title='bbox 480 2355 865 2410; x_wconf 88' lang='lat' dir='ltr'>hauriendum</span> <span class='ocrx_word' id='word_1_155' title='bbox 904 2358 1128 2412; x_wconf 79' lang='lat' dir='ltr'>evadet.</span> 
     </span>
    </p>
   </div>
   <div class='ocr_carea' id='block_1_3' title="bbox 241 2489 2022 3288">
    <p class='ocr_par' dir='ltr' id='par_1_3' title="bbox 241 2489 2022 3288">
     <span class='ocr_line' id='line_1_25' title="bbox 389 2489 2022 2565; baseline 0.007 -25"><span class='ocrx_word' id='word_1_156' title='bbox 389 2489 594 2543; x_wconf 85' lang='lat' dir='ltr'>Prouti</span> <span class='ocrx_word' id='word_1_157' title='bbox 623 2493 867 2547; x_wconf 78' lang='lat' dir='ltr'>effectus</span> <span class='ocrx_word' id='word_1_158' title='bbox 892 2494 1107 2549; x_wconf 82' lang='lat' dir='ltr'>diversi</span> <span class='ocrx_word' id='word_1_159' title='bbox 1133 2514 1162 2548; x_wconf 93' lang='lat' dir='ltr'>a</span> <span class='ocrx_word' id='word_1_160' title='bbox 1183 2512 1401 2547; x_wconf 79' lang='lat' dir='ltr'>veneno</span> <span class='ocrx_word' id='word_1_161' title='bbox 1427 2496 1747 2565; x_wconf 78' lang='lat' dir='ltr'>specierum</span> <span class='ocrx_word' id='word_1_162' title='bbox 1766 2491 2022 2544; x_wconf 67' lang='lat' dir='ltr'>diversa-</span> 
     </span>
     <span class='ocr_line' id='line_1_26' title="bbox 248 2582 2020 2654; baseline 0.009 -26"><span class='ocrx_word' id='word_1_163' title='bbox 248 2593 402 2646; x_wconf 88' lang='lat' dir='ltr'>rum,</span> <span class='ocrx_word' id='word_1_164' title='bbox 460 2582 513 2633; x_wconf 88' lang='lat' dir='ltr'>in</span> <span class='ocrx_word' id='word_1_165' title='bbox 572 2602 820 2654; x_wconf 85' lang='lat' dir='ltr'>corpore</span> <span class='ocrx_word' id='word_1_166' title='bbox 871 2589 1117 2639; x_wconf 85' lang='lat' dir='ltr'>humano</span> <span class='ocrx_word' id='word_1_167' title='bbox 1166 2586 1661 2654; x_wconf 82' lang='lat' dir='ltr'>observabantur,</span> <span class='ocrx_word' id='word_1_168' title='bbox 1708 2583 1787 2636; x_wconf 75' lang='lat' dir='ltr'>ita</span> <span class='ocrx_word' id='word_1_169' title='bbox 1843 2582 2020 2637; x_wconf 71' lang='lat' dir='ltr'>etiam</span> 
     </span>
     <span class='ocr_line' id='line_1_27' title="bbox 249 2669 2017 2745; baseline 0.006 -26"><span class='ocrx_word' id='word_1_170' title='bbox 249 2669 480 2724; x_wconf 89' lang='lat' dir='ltr'>diversa</span> <span class='ocrx_word' id='word_1_171' title='bbox 505 2676 769 2726; x_wconf 74' lang='lat' dir='ltr'>antidota</span> <span class='ocrx_word' id='word_1_172' title='bbox 796 2671 1072 2740; x_wconf 84' lang='lat' dir='ltr'>specialia</span> <span class='ocrx_word' id='word_1_173' title='bbox 1109 2678 1414 2745; x_wconf 87' lang='lat' dir='ltr'>proposita</span> <span class='ocrx_word' id='word_1_174' title='bbox 1452 2694 1618 2735; x_wconf 84' lang='lat' dir='ltr'>sunt:</span> <span class='ocrx_word' id='word_1_175' title='bbox 1651 2676 1731 2729; x_wconf 83' lang='lat' dir='ltr'>sic</span> <span class='ocrx_word' id='word_1_176' title='bbox 1764 2677 2017 2728; x_wconf 78' lang='lat' dir='ltr'>morsum</span> 
     </span>
     <span class='ocr_line' id='line_1_28' title="bbox 247 2749 2007 2833; baseline 0.008 -32"><span class='ocrx_word' id='word_1_177' title='bbox 247 2753 494 2804; x_wconf 70' lang='lat' dir='ltr'>Crotabi</span> <span class='ocrx_word' id='word_1_178' title='bbox 521 2749 762 2804; x_wconf 74' lang='lat' dir='ltr'>horridi</span> <span class='ocrx_word' id='word_1_179' title='bbox 794 2759 858 2808; x_wconf 88' lang='lat' dir='ltr'>L.</span> <span class='ocrx_word' id='word_1_180' title='bbox 885 2763 1156 2830; x_wconf 78' lang='lat' dir='ltr'>sequitur</span> <span class='ocrx_word' id='word_1_181' title='bbox 1190 2764 1480 2820; x_wconf 75' lang='lat' dir='ltr'>lassitudo</span> <span class='ocrx_word' id='word_1_182' title='bbox 1504 2768 1676 2822; x_wconf 66' lang='lat' dir='ltr'>totIuS</span> <span class='ocrx_word' id='word_1_183' title='bbox 1701 2764 1966 2833; x_wconf 84' lang='lat' dir='ltr'>corporis</span> <span class='ocrx_word' id='word_1_184' title='bbox 1990 2803 2007 2830; x_wconf 91' lang='lat'>,</span> 
     </span>
     <span class='ocr_line' id='line_1_29' title="bbox 245 2838 2012 2925; baseline 0.019 -38"><span class='ocrx_word' id='word_1_185' title='bbox 245 2858 576 2911; x_wconf 82' lang='lat' dir='ltr'>gangraena</span> <span class='ocrx_word' id='word_1_186' title='bbox 600 2844 777 2912; x_wconf 86' lang='lat' dir='ltr'>partis</span> <span class='ocrx_word' id='word_1_187' title='bbox 803 2850 1017 2917; x_wconf 88' lang='lat' dir='ltr'>laesae,</span> <span class='ocrx_word' id='word_1_188' title='bbox 1051 2838 1246 2907; x_wconf 85' lang='lat' dir='ltr'>tumor</span> <span class='ocrx_word' id='word_1_189' title='bbox 1267 2869 1325 2909; x_wconf 90' lang='lat' dir='ltr'>et</span> <span class='ocrx_word' id='word_1_190' title='bbox 1358 2851 1720 2920; x_wconf 68' lang='lat' dir='ltr'>inflammatio</span> <span class='ocrx_word' id='word_1_191' title='bbox 1745 2852 2012 2925; x_wconf 66' lang='lat' dir='ltr'>lingvae›</span> 
     </span>
     <span class='ocr_line' id='line_1_30' title="bbox 244 2931 2010 3017; baseline 0.014 -33"><span class='ocrx_word' id='word_1_192' title='bbox 244 2931 374 2985; x_wconf 87' lang='lat' dir='ltr'>sitis</span> <span class='ocrx_word' id='word_1_193' title='bbox 415 2933 855 3005; x_wconf 83' lang='lat' dir='ltr'>intolerabilis,</span> <span class='ocrx_word' id='word_1_194' title='bbox 895 2959 1043 3011; x_wconf 86' lang='lat' dir='ltr'>aqua</span> <span class='ocrx_word' id='word_1_195' title='bbox 1077 2947 1382 3017; x_wconf 77' lang='lat' dir='ltr'>augenda,</span> <span class='ocrx_word' id='word_1_196' title='bbox 1421 2961 1615 3012; x_wconf 58' lang='lat' dir='ltr'>eorpus</span> <span class='ocrx_word' id='word_1_197' title='bbox 1658 2956 1847 2997; x_wconf 86' lang='lat' dir='ltr'>totum</span> <span class='ocrx_word' id='word_1_198' title='bbox 1896 2966 2010 3000; x_wconf 71' lang='lat' dir='ltr'>ma-</span> 
     </span>
     <span class='ocr_line' id='line_1_31' title="bbox 242 3022 2009 3105; baseline 0.013 -31"><span class='ocrx_word' id='word_1_199' title='bbox 242 3022 389 3076; x_wconf 71' lang='lat' dir='ltr'>culis</span> <span class='ocrx_word' id='word_1_200' title='bbox 443 3028 731 3081; x_wconf 57' lang='lat' dir='ltr'>caeruleis</span> <span class='ocrx_word' id='word_1_201' title='bbox 784 3042 844 3082; x_wconf 87' lang='lat' dir='ltr'>et</span> <span class='ocrx_word' id='word_1_202' title='bbox 894 3033 1082 3105; x_wconf 83' lang='lat' dir='ltr'>nigris</span> <span class='ocrx_word' id='word_1_203' title='bbox 1142 3037 1517 3102; x_wconf 65' lang='lat' dir='ltr'>defoedatur,</span> <span class='ocrx_word' id='word_1_204' title='bbox 1569 3037 1804 3090; x_wconf 78' lang='lat' dir='ltr'>tandem</span> <span class='ocrx_word' id='word_1_205' title='bbox 1855 3056 2009 3094; x_wconf 77' lang='lat' dir='ltr'>mors</span> 
     </span>
     <span class='ocr_line' id='line_1_32' title="bbox 244 3118 2011 3198; baseline 0.016 -35"><span class='ocrx_word' id='word_1_206' title='bbox 244 3130 476 3166; x_wconf 75' lang='lat' dir='ltr'>scenam</span> <span class='ocrx_word' id='word_1_207' title='bbox 520 3118 762 3172; x_wconf 78' lang='lat' dir='ltr'>claudit.</span> <span class='ocrx_word' id='word_1_208' title='bbox 833 3120 1049 3176; x_wconf 81' lang='lat' dir='ltr'>Contra</span> <span class='ocrx_word' id='word_1_209' title='bbox 1088 3126 1259 3198; x_wconf 85' lang='lat' dir='ltr'>hujus</span> <span class='ocrx_word' id='word_1_210' title='bbox 1299 3132 1538 3183; x_wconf 73' lang='lat' dir='ltr'>morsum</span> <span class='ocrx_word' id='word_1_211' title='bbox 1577 3126 1851 3180; x_wconf 78' lang='lat' dir='ltr'>laudatur</span> <span class='ocrx_word' id='word_1_212' title='bbox 1883 3129 2011 3182; x_wconf 84' lang='lat' dir='ltr'>Ari-</span> 
     </span>
     <span class='ocr_line' id='line_1_33' title="bbox 241 3201 2010 3288; baseline 0.009 -37"><span class='ocrx_word' id='word_1_213' title='bbox 241 3201 535 3256; x_wconf 84' lang='lat' dir='ltr'>stolochia</span> <span class='ocrx_word' id='word_1_214' title='bbox 570 3207 922 3277; x_wconf 77' lang='lat' dir='ltr'>amaricana,</span> <span class='ocrx_word' id='word_1_215' title='bbox 964 3213 1243 3288; x_wconf 81' lang='lat' dir='ltr'>Polygala</span> <span class='ocrx_word' id='word_1_216' title='bbox 1270 3211 1520 3286; x_wconf 69' lang='lat' dir='ltr'>senega‚</span> <span class='ocrx_word' id='word_1_217' title='bbox 1563 3225 1623 3266; x_wconf 81' lang='lat' dir='ltr'>et</span> <span class='ocrx_word' id='word_1_218' title='bbox 1652 3213 1850 3283; x_wconf 85' lang='lat' dir='ltr'>topice</span> <span class='ocrx_word' id='word_1_219' title='bbox 1887 3215 2010 3269; x_wconf 82' lang='lat' dir='ltr'>sul·</span> 
     </span>
    </p>
   </div>
   <div class='ocr_carea' id='block_1_4' title="bbox 244 3349 985 3382">
    <p class='ocr_par' dir='ltr' id='par_1_4' title="bbox 244 3349 985 3382">
     <span class='ocr_line' id='line_1_34' title="bbox 244 3349 985 3382; baseline 0 0"><span class='ocrx_word' id='word_1_220' title='bbox 244 3349 985 3382; x_wconf 33' lang='grc' dir='ltr'>ᾖ*-</span> 
     </span>
    </p>
   </div>
   <div class='ocr_carea' id='block_1_5' title="bbox 236 3442 2008 3517">
    <p class='ocr_par' dir='ltr' id='par_1_5' title="bbox 236 3442 2008 3517">
     <span class='ocr_line' id='line_1_35' title="bbox 236 3442 2008 3517; baseline 0.011 -33"><span class='ocrx_word' id='word_1_221' title='bbox 236 3445 307 3495; x_wconf 86' lang='lat' dir='ltr'>m)</span> <span class='ocrx_word' id='word_1_222' title='bbox 340 3442 597 3504; x_wconf 80' lang='lat' dir='ltr'>Speeimen</span> <span class='ocrx_word' id='word_1_223' title='bbox 622 3447 866 3494; x_wconf 78' lang='lat' dir='ltr'>Medicum</span> <span class='ocrx_word' id='word_1_224' title='bbox 887 3454 1046 3499; x_wconf 82' lang='lat' dir='ltr'>cxhib.</span> <span class='ocrx_word' id='word_1_225' title='bbox 1067 3455 1309 3517; x_wconf 77' lang='lat' dir='ltr'>synopsim</span> <span class='ocrx_word' id='word_1_226' title='bbox 1331 3455 1610 3515; x_wconf 67' lang='lat' dir='ltr'>reptilium.</span> <span class='ocrx_word' id='word_1_227' title='bbox 1641 3457 1862 3502; x_wconf 82' lang='lat' dir='ltr'>Viennae</span> <span class='ocrx_word' id='word_1_228' title='bbox 1883 3457 2008 3513; x_wconf 43' lang='lat'>⁴768.</span> 
     </span>
    </p>
   </div>
  </div>
 </body>
</html>
