2204 3764
916 174 1264 237 ...47-

325 311 503 365 Scuta
561 307 956 362 abdominalia
1011 325 1131 378 170.
1189 306 1566 361 subcaudalia
1618 309 1713 362 60.
1786 305 1967 378 Supra
2046 375 2050 382 ,

182 399 731 465 {usco-cinerem,
790 398 1034 453 maculis
1088 397 1276 469 nigris
1328 396 1731 468 inaequalibus
1787 399 1967 451 alter-

180 495 361 550 natim
398 490 768 558 tessellatus,
814 491 1018 544 subtus
1057 486 1490 542 coerulescenti
1528 488 1698 559 niger
1729 489 1964 543 maculis

181 582 603 657 irregularibus
640 580 816 634 albis.
859 577 1299 633 Modificatione
1333 578 1594 649 picturae
1631 579 1963 633 abdominis

183 678 449 734 Colubro
485 671 707 726 Natrici
740 671 865 724 Lin.
899 671 1142 724 multum
1176 669 1398 723 similis.
1452 669 1755 723 Excrescit
1786 688 1962 741 saepe

179 759 735 838 ad‘longitudinem
788 762 965 815 trium
1008 761 1219 830 pedum
1275 774 1333 813 et
1387 761 1550 814 ultra.
1627 761 1750 814 Ova
1796 763 1965 831 parit.

178 852 442 912 Habitat
496 853 555 906 iu
610 851 941 926 Hungariae
984 851 1169 924 plagis
1224 851 1752 921 meridionalibus‚
1800 873 1835 906 a
1873 873 1966 908 me

188 949 249 1000 in
305 948 557 1015 Batiam,
611 944 682 998 ad
741 941 1114 1012 Mehadiam,
1171 956 1229 998 et
1280 942 1336 995 in
1392 944 1689 1000 montibus
1743 946 1964 1002 Matrae

194 1024 494 1111 repertus‘.

317 1131 564 1184 Praeter
582 1140 942 1183 enumeratas
961 1128 1351 1182 Goluhrorum
1375 1126 1606 1199 species
1628 1129 1692 1182 G.
1721 1127 1958 1185 SCHINZ

173 1227 234 1278 in
288 1220 554 1277 versione
611 1221 803 1290 operis
855 1238 886 1271 a
944 1220 1162 1275 Cuvier
1209 1221 1276 1272 Τ.
1318 1220 1388 1272 11.
1438 1233 1718 1274 memorat
1768 1221 1956 1274 adhuc

175 1313 432 1387 quinque
475 1312 849 1381 Europae03‚
889 1323 1124 1382 utpote:
1175 1311 1388 1366 Colub.
1425 1311 1834 1384 girondicum,
1888 1314 1958 1369 G.

177 1404 492 1470 sonarem,
533 1403 602 1458 G.
638 1404 1144 1472 personatum,‘G.
1169 1402 1531 1472 viperinum,
1568 1404 1635 1458 G.
1675 1404 1958 1456 meridio-

112 1478 113 1482 Ἰ
175 1496 370 1549 nalem
405 1513 474 1548 ex
510 1493 721 1564 quibus
754 1489 1121 1564 girondicas
1156 1493 1213 1545 in
1250 1493 1472 1558 Gallia,
1509 1509 1569 1549 et
1590 1496 1762 1551 Italia
1784 1495 1961 1550 meri-

174 1586 396 1641 dionali
443 1603 569 1639 cum
607 1584 951 1656 quibusdam
988 1585 1345 1638 nostratibus
1381 1586 1725 1657 reperibilis
1750 1625 1763 1650 ‚
1834 1604 1960 1639 me-

171 1675 505 1733 ridionalis
550 1676 972 1733 verosimiliter
1022 1677 1090 1733 C.
1153 1677 1338 1731 laevis
1387 1678 1679 1748 varietaS,
1740 1681 1958 1751 proba-—

184 1773 444 1826 habilius
483 1785 542 1826 et
576 1782 831 1825 nostram
864 1767 1131 1821 incolunt
1168 1769 1447 1824 Patriam.

311 1864 395 1918 Ex
436 1864 528 1918 his
572 1875 768 1935 patet,
807 1863 1168 1935 Hungariam
1209 1861 1434 1916 duabus
1474 1861 1792 1932 speciebus
1833 1881 1955 1917 ser-

179 1970 418 2028 pentum
463 1967 881 2009 venenatorum
922 1951 1322 2007 habitaculum
1372 1953 1696 2024 praebere,
1737 1955 1958 2028 quippe

179 2047 381 2102 Peliae
422 2048 603 2114 bero,
660 2059 721 2099 et
767 2044 1014 2115 Viperae
1068 2045 1416 2117 ammodyti,
1470 2047 1636 2117 prior
1685 2048 1743 2100 in
1797 2049 1955 2101 omni

172 2141 299 2194 sere
339 2139 570 2194 Patriae
611 2150 846 2190 nostrae
887 2136 1062 2209 plaga
1096 2136 1464 2206 hospitatur,
1500 2139 1687 2193 minus
1727 2141 1957 2209 pericu-

175 2233 305 2287 lose
339 2231 603 2297 mordet,
642 2229 1060 2283 nec'habentur
1084 2229 1571 2297 observationes,
1607 2250 1750 2303 quae
1790 2248 1957 2304 prae-

170 2338 267 2378 ter
304 2342 539 2396 gravem
580 2320 1094 2374 inflammationem
1145 2320 1321 2373 etiam
1369 2336 1614 2376 mortem
1655 2326 1957 2380 hominum

174 2433 369 2470 morsu
418 2415 584 2468 illius
642 2411 950 2466 adductam
1012 2429 1139 2465 esse
1196 2416 1595 2470 ‘testarenturt
1655 2418 1956 2487 posterior

174 2505 661 2560 venenatissimus
702 2504 759 2556 in
793 2503 1098 2577 Hungaria
1148 2503 1272 2559 fere
1311 2517 1536 2561 tantum
1579 2508 1795 2582 plagae
1833 2528 1953 2564 me-

178 2596 458 2651 ridionali
487 2598 742 2651 Banatus
781 2595 1133 2662 adstrictuS,
1173 2596 1317 2649 satis
1354 2608 1516 2653 rarus
1554 2611 1664 2654 est.

627 2773 1265 2862 SECTIO
1389 2778 1491 2865 V.

213 2928 343 3007 De
395 2956 553 3007 usu
623 2942 707 3005 et
762 2929 1378 3026 significatione
1443 2930 1900 3031 symbolica

803 3061 1303 3147 serpentum.

952 3211 1013 3299 §·
1055 3229 1152 3283 28.

299 3329 399 3394 Us
423 3351 524 3386 us·
585 3335 650 3385 ln
690 3334 1034 3388 oeconomia
1068 3336 1315 3388 humana
1356 3336 1645 3407 quondam
1682 3337 1935 3409 Viperae

157 3433 224 3480 ut
254 3423 623 3496 pharmacum
652 3423 1123 3492 adhibebantur,
1161 3427 1245 3483 sic
1283 3426 1340 3481 in
1365 3427 1629 3484 theriaca
1654 3427 1934 3497 Italorum
