2204 3764
885 206 1231 276 -57..·..

182 348 426 404 effectus
463 346 576 402 visi
610 346 759 414 sint,
797 358 997 401 contra
1018 344 1247 417 saepius
1271 345 1559 401 adhibitis
1593 310 1949 410 salutaribuss

185 440 328 493 artis
352 437 717 492 adminiculis
740 472 760 499 ,
798 437 1037 493 effectus
1071 437 1132 492 hi
1170 436 1375 491 tristes
1424 436 1692 492 feliciter
1728 417 1954 494 sublati

146 514 149 520 ’
185 544 336 584 sunt.
391 534 435 584 A
473 528 842 601 serpentibus
868 532 1172 585 venenatis
1193 530 1367 585 etiam
1387 528 1950 599 vivacissimi5‚sine

186 640 332 674 noxa
374 623 717 676 mordentur
748 624 997 695 Agyrtae
1018 663 1034 689 ,
1076 623 1232 694 quod
1255 622 1400 678 telis
1434 621 1668 695 praevie
1695 622 1954 691 ·evulsiS‚

167 714 249 767 „et
287 714 600 769 destructis
638 714 1014 768 tribuendum
1054 727 1160 770 est.

958 846 1023 935 ς.
1069 863 1173 919 52.

331 978 524 1033 Cura
579 990 657 1032 et
712 977 1087 1031 antidota
1139 978 1421 1033 veneni
1480 991 1958 1051 serpentum·

190 1066 416 1139 Cuique
469 1087 498 1121 a
528 1075 824 1137 'serpente
870 1068 1141 1122 demorso
1197 1085 1267 1121 eo
1310 1067 1669 1122 tendendum
1718 1080 1846 1130 est,
1899 1078 1964 1119 ut

182 1159 414 1231 species
449 1161 739 1214 laedentis
781 1160 1142 1225 innoteseat,
1197 1161 1355 1231 quod
1404 1176 1552 1212 nece
1595 1158 1832 1212 animali
1888 1158 1965 1211 il-

188 1252 343 1323 lata,
384 1273 446 1307 ac
493 1253 628 1305 dein
683 1251 1145 1324 investigatione
1188 1251 1313 1322 ejus
1355 1250 1696 1319 obtinetur,
1735 1268 1805 1304 ne
1845 1250 1966 1304 fors

185 1345 233 1398 si
292 1363 512 1398 morsus
567 1355 884 1396 venenatus
945 1354 1139 1406 esset,
1201 1343 1401 1414 speeie
1462 1344 1720 1398 levitatis
1778 1341 1964 1397 morbi

188 1455 323 1488 cura
363 1435 698 1488 necessaria
738 1434 1123 1507 negligatur,
1178 1448 1277 1490 aut
1313 1448 1515 1496 contra
1556 1454 1626 1490 ne
1663 1438 1968 1490 demorsus

186 1529 233 1581 si
273 1529 390 1580 fors
445 1546 678 1597 serpens
727 1527 1012 1581 innscuus
1047 1527 1299 1597 fuisset,
1346 1530 1637 1601 gravitate
1681 1525 1970 1597 periculi,

188 1629 248 1669 et
285 1617 576 1670 anxietate
613 1629 976 1688 torqueatur.
1038 1616 1390 1688 Sianimal,
1432 1617 1968 1690 quod‘momordit,

187 1721 529 1761 venenatum
567 1727 694 1763 esse
739 1709 1214 1780 deprehendatur
1240 1733 1256 1763 ι
1314 1708 1630 1762 Indicatz‘o
1666 1706 1974 1784 primaria

190 1818 260 1853 eo
299 1799 522 1868 tendit,
563 1813 625 1854 ut
662 1802 902 1855 materia
928 1804 1337 1875 heterogenea
1366 1803 1705 1874 organismo
1745 1801 1974 1872 pericu-

191 1892 310 1945 lum
349 1892 614 1946 adlatura
648 1912 761 1965 quo
792 1895 955 1948 ocius
993 1895 1311 1971 educatur,
1354 1908 1452 1949 aut
1492 1895 1548 1947 in
1589 1913 1834 1965 corpore
1873 1894 1970 1946 de-

193 1998 468 2038 struatur.
514 1982 826 2037 Indicatz'o
860 1986 1243 2041 secundaria
1280 2001 1405 2043 est:
1447 2002 1511 2041 ut
1544 1989 1804 2041 antidota
1834 1989 1971 2039 huc·-

195 2076 325 2129 dum
353 2077 631 2147 probata,
668 2097 770 2148 pro
803 2079 962 2132 varia
991 2080 1190 2150 specie
1226 2081 1520 2135 laedentis
1543 2080 1798 2135 animalis
1836 2096 1972 2132 con-

189 2168 484 2221 venientia
510 2169 902 2224 adhibeantur
923 2207 940 2231 ,
971 2183 1141 2244 atque
1174 2173 1404 2244 reliqua
1437 2190 1571 2225 cura
1600 2167 1771 2227 statui
1806 2188 1972 2223 ener-

196 2260 328 2333 giae
369 2260 607 2330 vitalis,
646 2280 710 2315 ae
743 2263 877 2317 mali
910 2262 1097 2334 topici
1136 2263 1625 2318 accommodetur.

334 2354 475 2408 Inde
511 2356 582 2408 ab
612 2354 1037 2427 antiquissimis
1068 2355 1437 2426 temporibus
1460 2397 1477 2424 ,
1520 2369 1576 2409 et
1606 2369 1637 2403 a
1665 2351 1972 2408 diverssis-

199 2443 365 2498 simis
407 2446 746 2500 nationibus
794 2446 952 2498 varia
999 2458 1222 2500 tentata
1274 2459 1407 2500 sunt
1445 2444 1739 2511 antidota,
1786 2461 1971 2515 gene-

197 2533 379 2595 ralia,
418 2549 538 2614 tum
594 2550 653 2590 et
704 2537 1023 2608 specialia,
1065 2555 1309 2609 quorum
1354 2534 1629 2609 quaedam
1677 2536 1967 2595 refutata,

201 2627 317 2680 alia
357 2628 432 2680 ob
466 2628 795 2681 occasionis
829 2629 1125 2682 defectum
1149 2646 1261 2682 non
1283 2638 1534 2687 tentata,
1573 2625 1689 2679 alia
1713 2625 1967 2698 denique

196 2717 249 2768 in
287 2717 517 2771 casibus
554 2717 962 2790 singularibus
1000 2722 1317 2790 approbata
1343 2730 1486 2775 sunt·
1526 2716 1762 2770 Juvabit
1795 2735 1969 2788 quae-

197 2812 326 2864 dam
365 2814 572 2865 horum
606 2825 672 2864 et
709 2810 946 2882 quidem
983 2827 1099 2867 tam
1143 2808 1503 2886 generalium
1536 2827 1702 2881 quam
1740 2809 1968 2880 specia-

196 2905 340 2957 lium
390 2904 721 2973 adducere,
763 2923 829 2959 ac
870 2905 1008 2959 dein
1062 2902 1392 2960 methodum
1441 2899 1718 2953 medendi
1772 2911 1967 2970 aptam

193 2997 566 3050 subnectere.
757 2984 762 2986 ’
1851 3059 1854 3062 ⁴

332 3087 594 3154 Arabes,
635 3100 695 3141 et
725 3088 1132 3142 Muhamedani
1169 3084 1377 3139 animal
1414 3102 1446 3137 a
1477 3098 1590 3155 quo
1628 3074 1969 3136 mordentur

196 3177 573 3245 interimunt,
614 3178 737 3232 sale
779 3179 1104 3250 condiunt,
1144 3190 1315 3246 atque
1366 3186 1429 3227 ut
1478 3173 1825 3227 medicinam
1865 3172 1970 3225 ab·

198 3284 447 3324 sumunt.
509 3270 892 3328 SCRIBOMUS
932 3272 1207 3326 LARGUS.
1247 3263 1294 3340 i)
1355 3264 1785 3322 Convolvulum
1821 3261 1970 3318 Gan.-

194 3473 241 3540 i)
279 3479 350 3523 De
381 3478 828 3539 compositionibus
863 3478 1355 3529 Medicamentorum‚
1394 3477 1513 3537 Cap,
1544 3483 1615 3534 43.
