2204 3764
864 199 1212 255 ..15-

146 348 244 406 ovi
294 347 497 401 ductus
541 343 600 397 in
642 341 908 396 cloacam
945 338 1217 404 hiantes;
1259 337 1520 392 maribus
1561 350 1751 393 testes
1803 339 1955 408 duo,

149 459 277 497 cum
316 437 572 493 totidem
612 432 766 486 vasis
807 429 1261 496 deferentibus,
1315 427 1482 498 penis
1527 428 1780 499 duplex,
1827 430 1954 502 qui·

151 531 397 587 busdam
440 523 787 591 muricatus,
845 532 1003 575 retro
1042 538 1210 573 anum
1258 519 1366 572 sub
1414 531 1549 572 cute
1605 521 1820 574 caudae
1870 522 1955 575 ita

152 625 341 683 situs,
381 631 445 671 ut
488 619 742 670 cloacam
780 610 1105 683 respiciat,
1162 628 1334 681 quem
1386 621 1651 681 tempore
1707 612 1947 680 coitus,

153 734 225 769 ex
264 713 497 777 cloaca,
536 707 591 759 in
624 707 888 760 cloacam
922 702 1174 756 feminae
1212 701 1563 773 protrudere
1598 702 1764 757 valet.
1807 702 1952 757 Hinc

137 802 403 875 autopsia
441 817 638 854 sexum
681 797 1036 867 distingvere
1078 792 1332 850 difficile
1384 804 1503 850 est·

953 935 1017 1025 §.
1066 936 1165 1005 16.

295 1078 724 1138 Generatio
783 1095 889 1150 per
940 1095 1286 1132 concursum
1329 1096 1504 1133 sexus
1550 1076 1805 1150 duplicis
1843 1080 1944 1133 ab·

160 1175 441 1244 solvitur,
500 1174 569 1228 de
604 1190 714 1243 quo
751 1169 1007 1242 antiquis
1043 1169 1198 1223 mira.
1225 1171 1439 1240 placuit
1471 1173 1740 1226 fabulari.
1802 1172 1948 1228 Goi-

162 1279 258 1322 tus
314 1278 648 1337 serpentum
691 1276 872 1316 verno
911 1274 975 1314 ut
1011 1260 1328 1332 plurimum
1378 1277 1646 1338 tempore
1689 1266 1946 1334 accidit5,

163 1375 225 1417 et
260 1359 527 1432 longiori
565 1370 832 1426 tempore
869 1353 1068 1422 durat,
1105 1355 1478 1424 probabilius
1506 1357 1582 1410 ob
1616 1357 1949 1413 absentiam

159 1454 546 1510 vesicularum
607 1444 1018 1513 seminalium3
1086 1447 1398 1502 volvuntur
1450 1461 1639 1503 autem
1696 1468 1814 1504 mas
1879 1463 1941 1505 et

161 1545 381 1600 femina
418 1545 492 1597 ita
531 1541 680 1596 circa
719 1558 780 1594 sc
823 1539 1107 1605 invicem,
1147 1549 1208 1592 ut
1254 1558 1429 1593 unum
1482 1542 1644 1613 quasi
1694 1557 1947 1611 corpuS,

162 1630 367 1708 biceps
414 1634 788 1700 mentiantur,
831 1632 885 1683 in
938 1632 1051 1683 hoc
1099 1648 1277 1702 opere
1332 1634 1499 1703 penis
1558 1635 1952 1689 masculorum

163 1729 377 1801 duplex
411 1729 463 1781 in
502 1726 718 1780 seritur
758 1725 994 1778 cloacae
1038 1723 1411 1793 foemineae,
1458 1744 1573 1798 quo
1609 1727 1704 1781 ovi
1743 1726 1954 1786 ductus

160 1813 366 1888 hiant,
397 1832 564 1891 atque
597 1818 676 1872 sic
716 1836 821 1870 ova
856 1819 912 1870 in
942 1836 1192 1890 corpore
1225 1818 1425 1872 matris
1456 1832 1745 1890 spermate
1779 1811 1956 1874 marie

166 1911 605 1967 foecundantur.
683 1909 991 1962 Prodeunt
1045 1921 1240 1964 autern
1284 1927 1486 1965 omnes
1538 1919 1839 1982 serpentes
1881 1920 1955 1968 cx

161 1998 287 2053 ovis
313 2039 328 2065 ,
368 2016 510 2069 quae
542 2011 736 2052 tamen
781 2010 916 2067 post
959 1999 1271 2070 perfectam
1307 1990 1397 2053 sui
1439 1997 1951 2067 efformationem,

162 2111 294 2147 curn
355 2104 610 2144 materno
672 2108 923 2161 corpore
988 2090 1145 2145 haud
1209 2084 1545 2146 necessario
1619 2105 1954 2146 nectuntur.

165 2184 416 2249 Quidam
441 2202 642 2236 eorum
664 2201 975 2237 numerosa
1000 2195 1223 2254 ponunt
1251 2201 1391 2249 ova,
1431 2184 1511 2236 ita
1552 2196 1612 2237 ut
1647 2203 1677 2236 a
1720 2175 1950 2238 10—50.

167 2288 228 2329 et
279 2275 426 2328 ultra
467 2274 604 2345 poni
657 2275 965 2328 observata
1019 2274 1168 2342 sint,
1211 2293 1357 2346 quae
1410 2275 1604 2328 omnia
1656 2265 1952 2335 mediante

156 2365 397 2441 glutine
436 2357 946 2422 monilirformiter
979 2368 1320 2420 cohaerent.
1381 2366 1561 2421 Testa
1600 2385 1837 2422 ovorum
1867 2380 1960 2422 cst

160 2458 368 2513 mollis
405 2460 878 2525 membranacea,
919 2458 1186 2533 internae
1227 2460 1605 2513 membranae
1647 2460 1740 2514 ovi
1782 2449 1960 2532 galli-

162 2550 333 2604 nacei
375 2564 660 2606 structura
697 2542 943 2618 similis3
985 2565 1178 2622 partes
1225 2552 1496 2606 internae
1541 2552 1635 2607 ovi
1684 2563 1816 2608 sunt
1853 2543 1968 2607 bu'·

165 2652 363 2696 mores
424 2635 673 2713 duplicis
736 2636 1019 2715 generis:
1083 2642 1348 2698 internus
1408 2647 1669 2713 lacieu3‚
1730 2642 1961 2699 modice

165 2735 465 2801 tenacior,
505 2734 812 2790 caeruleos
851 2736 1287 2809 vegetabilium
1328 2740 1558 2793 colores
1606 2750 1864 2806 mutans,
1904 2746 1964 2791 et

162 2825 316 2879 alter
347 2828 568 2880 huncce
606 2821 869 2882 ambiens
892 2870 915 2897 ,κ
947 2820 1233 2883 albumini
1285 2818 1380 2884 ovi
1421 2820 1659 2885 similis.
1722 2831 1787 2883 ln
1827 2819 1958 2900 ple-

162 2918 354 2988 risque
390 2931 584 2971 tamen
623 2917 743 2973 ovis
783 2920 918 2972 dum
962 2939 991 2974 e
1033 2929 1296 2976 materno
1338 2933 1588 2992 corpore
1630 2938 1958 2974 excernun-

165 3012 296 3075 tur,
335 3014 443 3075 iam
477 3009 713 3064 initium
752 3004 1121 3068 formationis
1160 3015 1296 3071 novi
1342 3014 1632 3068 individui
1667 3010 1959 3086 apiraliter

158 3100 465 3155 'convoluti
529 3103 724 3170 adest,
780 3117 954 3175 atquc
1010 3117 1149 3159 tunc
1205 3106 1533 3159 membrana
1587 3106 1846 3166 amnios,
1900 3114 1960 3160 c't

169 3190 455 3259 choi-ion,
506 3211 610 3246 nec
665 3212 779 3245 non
833 3194 1109 3249 allantois
1161 3213 1288 3248 cum
1336 3194 1644 3265 placenta,
1695 3182 1955 3249 funiculo

163 3280 530 3345 umbilicali‚
570 3301 633 3336 ac
687 3284 842 3338 vasis
898 3283 1606 3355 Omphalomesentericis
1660 3282 1952 3356 distingvi

164 3386 450 3443 possunt,
487 3373 746 3442 deposita
786 3388 848 3429 ut
872 3376 1189 3446 plurimum
1222 3376 1292 3429 ad
1332 3377 1465 3430 loca
1489 3376 1732 3430 humido
1759 3375 1957 3429 calida

168 3472 317 3531 ova,
356 3457 644 3517 beneficio
680 3464 896 3521 caloris
933 3465 1167 3530 externi
1199 3464 1585 3526 excluduntur
1616 3462 1956 3540 (serpentem.
