2204 3764
945 182 1293 224 «ulo-2.-

209 311 515 385 piscibus,
563 323 760 363 tamen
803 307 947 363 satis
988 326 1117 362 rara
1151 320 1303 363 sunt.
1364 304 1649 360 intestina
1696 304 1898 360 tenuia
1947 303 2005 360 iu

211 420 388 476 gyros
431 419 811 469 numerosos,
854 418 1026 469 saepe
1070 412 1129 453 et
1159 397 1414 470 angulos
1453 410 1656 456 acutos
1689 397 2005 455 formantes

212 494 546 565 disposita,
586 504 754 549 textu
806 491 1105 545 celluloso
1143 502 1459 544 nectuntur
1493 488 1781 544 invicem,
1820 487 2004 558 plicae

212 587 698 661 longitudinalea
740 585 1159 640 intestinorum
1197 583 1688 655 tenuium'magis
1732 581 2005 639 evolutae

210 693 344 734 sunt
381 700 553 753 quam
589 676 1019 732 transversales
1047 711 1064 738 ,
1092 693 1237 748 quae
1266 675 1440 731 simul
1478 673 1762 733 internam
1800 691 2006 743 super-

209 770 401 826 ficiem
427 790 560 825 raro
602 768 1015 836 reticulatam,
1056 766 1291 837 saepius
1330 765 1681 824 cellulosam
1712 765 2003 827 reddunt,

205 863 391 941 plicae
431 862 846 917 intestinorum
884 876 1212 914 crassorum
1250 871 1474 912 tantum
1512 857 2002 929 longitudinales.

200 955 501 1010 Formatio
543 957 823 1024 plicarum
861 949 1295 1005 intestinalium
1336 967 1465 1003 cum
1505 948 1837 1002 evolutione
1875 949 2003 1001 cel-

199 1047 451 1102 lularum
493 1043 967 1116 pulmonalium,
1020 1041 1251 1095 ratione
1288 1040 1676 1112 perfectionis
1710 1040 1833 1111 pari
1874 1059 2008 1110 pas·

203 1160 267 1195 su
311 1138 590 1193 incedere
635 1136 896 1195 videtur.
974 1135 1316 1201 Membrana
1370 1131 1707 1186 muscularis
1761 1131 2002 1187 intesti-

206 1247 412 1293 norum
469 1240 561 1281 est
603 1226 920 1280 admodum
957 1225 1171 1299 tenuis.
1232 1225 1554 1297 Propertio
1605 1219 1999 1296 longitudinis

202 1321 620 1377 intestinorum
674 1320 942 1374 tenuium
989 1320 1063 1373 ad
1115 1337 1310 1375 crassa
1357 1316 1682 1391 generatim
1739 1330 1830 1371 est
1874 1316 1997 1369 uti:

198 1430 273 1484 ‚12
320 1415 541 1467 lsi-⁴20.
590 1413 864 1482 exceptis
899 1412 1244 1483 Angvibus‚
1299 1412 1406 1465 hac
1456 1429 1679 1484 quoque
1727 1411 1817 1465 sui
1856 1428 1995 1464 con-

201 1506 557 1561 forrnatione
599 1505 791 1577 magis
831 1506 1058 1559 Sauriis
1097 1506 1560 1572 accedentibus,
1614 1506 1822 1579 quibus
1858 1523 1996 1577 pro,-

196 1599 398 1671 portio
458 1611 546 1652 est
599 1598 722 1652 uti:
780 1615 843 1654 1:
895 1599 946 1650 5.
991 1593 1342 1674 (MEGREL.)
1382 1593 1453 1669 f.)
1507 1598 1786 1652 Intestina
1843 1599 1994 1652 haee

207 1689 624 1744 mesenterium
647 1724 664 1749 ,
713 1701 773 1742 et
810 1689 1087 1760 copiosus
1122 1702 1318 1742 textus
1354 1688 1673 1741 cellulosus
1709 1700 1996 1746 tutantur.

207 1787 450 1840 Praeter
500 1784 820 1857 glandulas
869 1785 1145 1840 salivales
1199 1784 1552 1858 quibusdam
1609 1782 1779 1837 etiam
1834 1782 1994 1839 aliae

192 1876 534 1948 'peculiares
560 1878 773 1932 adsunt
800 1895 1030 1932 veneno
1067 1877 1435 1944 secernendo
1473 1876 1826 1945 destinatae,
1861 1878 1994 1948 qui-

205 1974 315 2026 bus
356 1973 518 2039 tela,
557 1984 621 2025 ut
664 1971 870 2025 ductus
911 1970 1239 2025 excretorii
1290 1969 1710 2026 innidulantur.
1781 1955 1992 2042 Hepar

203 2084 520 2137 inagnum,
589 2065 870 2137 longum,
927 2063 1151 2119 coloris
1201 2061 1410 2116 brunei
1464 2063 1621 2126 inter
1669 2064 1980 2136 pulmones

203 2156 411 2209 haeret
435 2192 449 2215 ,
504 2154 561 2206 in
602 2154 748 2208 duas
782 2153 1029 2208 lacinias
1064 2152 1546 2226 longitudinales
1579 2153 1819 2213 divisum
1856 2164 1985 2222 est,

199 2249 259 2304 in
297 2265 535 2323 quarum
569 2245 936 2305 inferioriori
967 2245 1233 2317 margine
1285 2229 1781 2311 Vesiczclc'zfellea
1814 2264 1983 2318 capa-
2066 2296 2070 2301 ,

205 2338 404 2393 citatis
445 2337 769 2396 notabilis,
831 2337 1011 2390 bilem
1062 2337 1347 2408 profunde
1390 2338 1643 2392 viridem
1687 2339 1980 2395 amarissi-

198 2451 345 2489 mam
383 2429 733 2489 continens,
774 2428 1161 2500 conspicitur.
1229 2431 1540 2499 Pane-reas
1577 2449 1802 2505 quoque
1845 2450 1977 2487 cum

201 2542 306 2582 suo
371 2523 546 2575 ductu
603 2521 944 2576 excretorio
1011 2521 1069 2574 in
1132 2522 1342 2581 horum>
1390 2523 1605 2581 vicinia
1660 2523 1975 2595 reperitur.

192 2614 346 2669 Lien
392 2627 483 2670 est
521 2613 777 2687 exiguus
816 2614 1199 2681 rotundatus,
1238 2615 1310 2666 ad
1349 2629 1573 2687 partem
1614 2619 1979 2688 superiorem

195 2708 525 2787 pancreatis
569 2708 738 2762 situs.
779 2711 973 2760 Renes
1011 2709 1124 2761 duo
1153 2706 1392 2775 adsunt,
1433 2709 1646 2763 dexter
1671 2711 1976 2781 superior,

199 2800 441 2867 sinister
478 2800 762 2860 inferior,
802 2819 872 2854 ex
913 2800 1127 2877 quibus
1175 2799 1386 2854 lotium
1433 2819 1538 2873 per
1573 2816 1837 2857 ureteres
1875 2805 1980 2866 abg-

195 2906 362 2962 sente
395 2893 630 2969 vesica,
668 2892 725 2944 in
759 2891 1019 2945 cloacam
1057 2892 1372 2946 derivatur.

984 3016 1043 3104 ἕ.
1090 3036 1189 3085 10.

333 3154 756 3227 Digestio,
813 3168 887 3211 et
939 3154 1242 3213 victus,
1305 3156 1389 3210 Ex
1446 3158 1713 3229 superius
1765 3155 1967 3235 (§,4.)

196 3244 389 3308 adlata
440 3246 944 3316 conformatione,
1001 3258 1062 3299 et
1112 3264 1267 3300 nexu
1297 3247 1764 3308 mandibularum
1809 3243 1972 3318 patet

200 3456 258 3519 ξ.)
291 3457 477 3502 Archiv
508 3459 552 3503 d.
590 3455 872 3521 Physiologh.
906 3460 965 3507 T.
996 3461 1079 3506 111.
1116 3474 1162 3514 a.
1196 3461 1316 3506 nest.
