<?xml version="1.0" encoding="UTF-8"?>
<!DOCTYPE html PUBLIC "-//W3C//DTD XHTML 1.0 Transitional//EN"
    "http://www.w3.org/TR/xhtml1/DTD/xhtml1-transitional.dtd">
<html xmlns="http://www.w3.org/1999/xhtml" xml:lang="en" lang="en">
 <head>
  <title>
</title>
<meta http-equiv="Content-Type" content="text/html;charset=utf-8" />
  <meta name='ocr-system' content='tesseract 3.04.00' />
  <meta name='ocr-capabilities' content='ocr_page ocr_carea ocr_par ocr_line ocrx_word'/>
</head>
<body>
  <div class='ocr_page' id='page_1' title='image "./monographiaserpe00friv_0023.png"; bbox 0 0 2204 3764; ppageno 0'>
   <div class='ocr_carea' id='block_1_1' title="bbox 902 196 1247 234">
    <p class='ocr_par' dir='ltr' id='par_1_1' title="bbox 902 196 1247 234">
     <span class='ocr_line' id='line_1_1' title="bbox 902 196 1247 234; baseline -0.006 -12"><span class='ocrx_word' id='word_1_1' title='bbox 902 196 1247 234; x_wconf 72' lang='lat'>...11-</span> 
     </span>
    </p>
   </div>
   <div class='ocr_carea' id='block_1_2' title="bbox 115 316 1972 1865">
    <p class='ocr_par' dir='ltr' id='par_1_2' title="bbox 115 316 1972 1865">
     <span class='ocr_line' id='line_1_2' title="bbox 186 316 1960 392; baseline -0.001 -19"><span class='ocrx_word' id='word_1_2' title='bbox 186 316 323 373; x_wconf 89' lang='lat' dir='ltr'><strong>illas</strong></span> <span class='ocrx_word' id='word_1_3' title='bbox 359 316 437 372; x_wconf 74' lang='lat' dir='ltr'><strong>ita</strong></span> <span class='ocrx_word' id='word_1_4' title='bbox 471 336 503 372; x_wconf 88' lang='lat' dir='ltr'><strong>a</strong></span> <span class='ocrx_word' id='word_1_5' title='bbox 536 328 737 375; x_wconf 73' lang='lat' dir='ltr'><strong>natur-a</strong></span> <span class='ocrx_word' id='word_1_6' title='bbox 769 332 1130 390; x_wconf 85' lang='lat' dir='ltr'><strong>comparatas</strong></span> <span class='ocrx_word' id='word_1_7' title='bbox 1168 338 1297 373; x_wconf 80' lang='lat' dir='ltr'><strong>esse</strong></span> <span class='ocrx_word' id='word_1_8' title='bbox 1322 354 1336 379; x_wconf 86' lang='lat'><strong>,</strong></span> <span class='ocrx_word' id='word_1_9' title='bbox 1382 333 1443 373; x_wconf 90' lang='lat' dir='ltr'><strong>ut</strong></span> <span class='ocrx_word' id='word_1_10' title='bbox 1480 334 1786 392; x_wconf 75' lang='lat' dir='ltr'><strong>serpentes</strong></span> <span class='ocrx_word' id='word_1_11' title='bbox 1825 338 1960 379; x_wconf 68' lang='lat' dir='ltr'><strong>cor&gt;</strong></span> 
     </span>
     <span class='ocr_line' id='line_1_3' title="bbox 186 411 1957 482; baseline 0.001 -19"><span class='ocrx_word' id='word_1_12' title='bbox 186 430 329 482; x_wconf 86' lang='lat' dir='ltr'><strong>pora</strong></span> <span class='ocrx_word' id='word_1_13' title='bbox 379 411 723 463; x_wconf 82' lang='lat' dir='ltr'>diametrum</span> <span class='ocrx_word' id='word_1_14' title='bbox 776 428 978 464; x_wconf 89' lang='lat' dir='ltr'><strong>eorum</strong></span> <span class='ocrx_word' id='word_1_15' title='bbox 1027 417 1320 481; x_wconf 81' lang='lat' dir='ltr'>propriam</span> <span class='ocrx_word' id='word_1_16' title='bbox 1370 412 1736 481; x_wconf 79' lang='lat' dir='ltr'>superantia,</span> <span class='ocrx_word' id='word_1_17' title='bbox 1790 431 1957 467; x_wconf 86' lang='lat' dir='ltr'><strong>oeso-</strong></span> 
     </span>
     <span class='ocr_line' id='line_1_4' title="bbox 187 502 1958 576; baseline 0.001 -21"><span class='ocrx_word' id='word_1_18' title='bbox 187 505 383 576; x_wconf 84' lang='lat' dir='ltr'><strong>phago</strong></span> <span class='ocrx_word' id='word_1_19' title='bbox 418 502 592 557; x_wconf 87' lang='lat' dir='ltr'><strong>nimis</strong></span> <span class='ocrx_word' id='word_1_20' title='bbox 632 503 874 556; x_wconf 89' lang='lat' dir='ltr'><strong>diducto</strong></span> <span class='ocrx_word' id='word_1_21' title='bbox 911 503 1207 574; x_wconf 85' lang='lat' dir='ltr'><strong>recipere,</strong></span> <span class='ocrx_word' id='word_1_22' title='bbox 1244 520 1619 574; x_wconf 84' lang='lat' dir='ltr'><strong>promovere,</strong></span> <span class='ocrx_word' id='word_1_23' title='bbox 1654 516 1712 557; x_wconf 89' lang='lat' dir='ltr'><strong>et</strong></span> <span class='ocrx_word' id='word_1_24' title='bbox 1745 504 1958 576; x_wconf 84' lang='lat' dir='ltr'><strong>deglu-</strong></span> 
     </span>
     <span class='ocr_line' id='line_1_5' title="bbox 184 593 1959 667; baseline -0.001 -20"><span class='ocrx_word' id='word_1_25' title='bbox 184 596 300 647; x_wconf 85' lang='lat' dir='ltr'><strong>tire</strong></span> <span class='ocrx_word' id='word_1_26' title='bbox 320 594 602 663; x_wconf 63' lang='lat' dir='ltr'><strong>opossint3</strong></span> <span class='ocrx_word' id='word_1_27' title='bbox 644 593 810 660; x_wconf 79' lang='lat' dir='ltr'><strong>multi</strong></span> <span class='ocrx_word' id='word_1_28' title='bbox 847 612 1035 648; x_wconf 88' lang='lat' dir='ltr'><strong>escam</strong></span> <span class='ocrx_word' id='word_1_29' title='bbox 1078 593 1410 666; x_wconf 83' lang='lat' dir='ltr'><strong>priusquam</strong></span> <span class='ocrx_word' id='word_1_30' title='bbox 1452 612 1575 647; x_wconf 89' lang='lat' dir='ltr'><strong>eam</strong></span> <span class='ocrx_word' id='word_1_31' title='bbox 1619 594 1959 667; x_wconf 76' lang='lat' dir='ltr'><strong>deglutiant</strong></span> 
     </span>
     <span class='ocr_line' id='line_1_6' title="bbox 188 685 1961 758; baseline -0.001 -19"><span class='ocrx_word' id='word_1_32' title='bbox 188 687 368 739; x_wconf 81' lang='lat' dir='ltr'><strong>saliva</strong></span> <span class='ocrx_word' id='word_1_33' title='bbox 406 686 630 740; x_wconf 77' lang='lat' dir='ltr'><strong>illinire</strong></span> <span class='ocrx_word' id='word_1_34' title='bbox 671 687 902 751; x_wconf 80' lang='lat' dir='ltr'><strong>solent,</strong></span> <span class='ocrx_word' id='word_1_35' title='bbox 957 686 1238 758; x_wconf 78' lang='lat' dir='ltr'><strong>quaedam</strong></span> <span class='ocrx_word' id='word_1_36' title='bbox 1281 688 1436 741; x_wconf 84' lang='lat' dir='ltr'><strong>Boae</strong></span> <span class='ocrx_word' id='word_1_37' title='bbox 1475 685 1702 756; x_wconf 85' lang='lat' dir='ltr'><strong>species</strong></span> <span class='ocrx_word' id='word_1_38' title='bbox 1742 685 1961 755; x_wconf 81' lang='lat' dir='ltr'><strong>majora</strong></span> 
     </span>
     <span class='ocr_line' id='line_1_7' title="bbox 187 776 1960 849; baseline 0.002 -22"><span class='ocrx_word' id='word_1_39' title='bbox 187 793 417 847; x_wconf 88' lang='lat' dir='ltr'><strong>quoque</strong></span> <span class='ocrx_word' id='word_1_40' title='bbox 455 776 728 831; x_wconf 84' lang='lat' dir='ltr'><strong>animalia</strong></span> <span class='ocrx_word' id='word_1_41' title='bbox 765 778 1166 847; x_wconf 84' lang='lat' dir='ltr'><strong>prehendunt,</strong></span> <span class='ocrx_word' id='word_1_42' title='bbox 1205 796 1383 849; x_wconf 86' lang='lat' dir='ltr'><strong>eaque</strong></span> <span class='ocrx_word' id='word_1_43' title='bbox 1417 795 1666 848; x_wconf 83' lang='lat' dir='ltr'><strong>corpore</strong></span> <span class='ocrx_word' id='word_1_44' title='bbox 1700 777 1761 828; x_wconf 90' lang='lat' dir='ltr'><strong>in</strong></span> <span class='ocrx_word' id='word_1_45' title='bbox 1784 793 1960 847; x_wconf 79' lang='lat' dir='ltr'><strong>gyros</strong></span> 
     </span>
     <span class='ocr_line' id='line_1_8' title="bbox 189 867 1963 940; baseline -0.001 -19"><span class='ocrx_word' id='word_1_46' title='bbox 189 869 506 922; x_wconf 83' lang='lat' dir='ltr'><strong>convoluto</strong></span> <span class='ocrx_word' id='word_1_47' title='bbox 551 872 823 924; x_wconf 86' lang='lat' dir='ltr'><strong>arborum</strong></span> <span class='ocrx_word' id='word_1_48' title='bbox 863 888 1033 940; x_wconf 89' lang='lat' dir='ltr'><strong>saepe</strong></span> <span class='ocrx_word' id='word_1_49' title='bbox 1073 883 1131 923; x_wconf 90' lang='lat' dir='ltr'><strong>et</strong></span> <span class='ocrx_word' id='word_1_50' title='bbox 1169 888 1438 924; x_wconf 82' lang='lat' dir='ltr'>saxorum</span> <span class='ocrx_word' id='word_1_51' title='bbox 1477 868 1836 923; x_wconf 88' lang='lat' dir='ltr'><strong>adminiculo</strong></span> <span class='ocrx_word' id='word_1_52' title='bbox 1874 867 1963 920; x_wconf 63' lang='lat' dir='ltr'><strong>ni÷</strong></span> 
     </span>
     <span class='ocr_line' id='line_1_9' title="bbox 179 958 1962 1035; baseline -0.001 -21"><span class='ocrx_word' id='word_1_53' title='bbox 179 960 310 1020; x_wconf 81' lang='lat' dir='ltr'><strong>,mia</strong></span> <span class='ocrx_word' id='word_1_54' title='bbox 344 960 398 1014; x_wconf 88' lang='lat' dir='ltr'><strong>vi</strong></span> <span class='ocrx_word' id='word_1_55' title='bbox 437 963 879 1035; x_wconf 83' lang='lat' dir='ltr'><strong>constringunt,</strong></span> <span class='ocrx_word' id='word_1_56' title='bbox 916 963 1064 1016; x_wconf 89' lang='lat' dir='ltr'><strong>adeo</strong></span> <span class='ocrx_word' id='word_1_57' title='bbox 1101 976 1163 1016; x_wconf 91' lang='lat' dir='ltr'><strong>ut</strong></span> <span class='ocrx_word' id='word_1_58' title='bbox 1202 964 1325 1034; x_wconf 88' lang='lat' dir='ltr'><strong>ipsa</strong></span> <span class='ocrx_word' id='word_1_59' title='bbox 1359 982 1490 1018; x_wconf 86' lang='lat' dir='ltr'><strong>ossa</strong></span> <span class='ocrx_word' id='word_1_60' title='bbox 1525 958 1793 1018; x_wconf 79' lang='lat' dir='ltr'><strong>minutim</strong></span> <span class='ocrx_word' id='word_1_61' title='bbox 1825 980 1962 1016; x_wconf 83' lang='lat' dir='ltr'><strong>con-</strong></span> 
     </span>
     <span class='ocr_line' id='line_1_10' title="bbox 193 1054 1963 1129; baseline 0 -21"><span class='ocrx_word' id='word_1_62' title='bbox 193 1056 565 1129; x_wconf 79' lang='lat' dir='ltr'><strong>fringantur,</strong></span> <span class='ocrx_word' id='word_1_63' title='bbox 608 1056 686 1109; x_wconf 83' lang='lat' dir='ltr'><strong>ita</strong></span> <span class='ocrx_word' id='word_1_64' title='bbox 723 1069 781 1109; x_wconf 91' lang='lat' dir='ltr'><strong>et</strong></span> <span class='ocrx_word' id='word_1_65' title='bbox 815 1057 1017 1110; x_wconf 85' lang='lat' dir='ltr'><strong>hostes</strong></span> <span class='ocrx_word' id='word_1_66' title='bbox 1052 1075 1221 1120; x_wconf 87' lang='lat' dir='ltr'><strong>suos,</strong></span> <span class='ocrx_word' id='word_1_67' title='bbox 1261 1056 1357 1129; x_wconf 90' lang='lat' dir='ltr'><strong>qui</strong></span> <span class='ocrx_word' id='word_1_68' title='bbox 1389 1073 1563 1127; x_wconf 80' lang='lat' dir='ltr'><strong>saepe</strong></span> <span class='ocrx_word' id='word_1_69' title='bbox 1592 1069 1650 1109; x_wconf 87' lang='lat' dir='ltr'><strong>et</strong></span> <span class='ocrx_word' id='word_1_70' title='bbox 1674 1054 1963 1129; x_wconf 83' lang='lat' dir='ltr'><strong>Tigrides</strong></span> 
     </span>
     <span class='ocr_line' id='line_1_11' title="bbox 192 1147 1967 1217; baseline -0.001 -16"><span class='ocrx_word' id='word_1_71' title='bbox 192 1166 321 1205; x_wconf 85' lang='lat' dir='ltr'><strong>esse</strong></span> <span class='ocrx_word' id='word_1_72' title='bbox 364 1162 704 1215; x_wconf 85' lang='lat' dir='ltr'><strong>narrantur,</strong></span> <span class='ocrx_word' id='word_1_73' title='bbox 746 1147 979 1200; x_wconf 81' lang='lat' dir='ltr'><strong>vincere</strong></span> <span class='ocrx_word' id='word_1_74' title='bbox 1028 1148 1244 1202; x_wconf 83' lang='lat' dir='ltr'><strong>solent.</strong></span> <span class='ocrx_word' id='word_1_75' title='bbox 1316 1147 1527 1201; x_wconf 89' lang='lat' dir='ltr'><strong>Modus</strong></span> <span class='ocrx_word' id='word_1_76' title='bbox 1575 1147 1670 1200; x_wconf 87' lang='lat' dir='ltr'><strong>hie</strong></span> <span class='ocrx_word' id='word_1_77' title='bbox 1724 1164 1967 1217; x_wconf 81' lang='lat' dir='ltr'><strong>praepa·-</strong></span> 
     </span>
     <span class='ocr_line' id='line_1_12' title="bbox 196 1226 1961 1312; baseline 0.001 -20"><span class='ocrx_word' id='word_1_78' title='bbox 196 1240 440 1294; x_wconf 76' lang='lat' dir='ltr'><strong>rationis</strong></span> <span class='ocrx_word' id='word_1_79' title='bbox 493 1239 739 1311; x_wconf 76' lang='lat' dir='ltr'><strong>praedae</strong></span> <span class='ocrx_word' id='word_1_80' title='bbox 801 1226 1228 1310; x_wconf 85' lang='lat' dir='ltr'><strong>deglutiendae</strong></span> <span class='ocrx_word' id='word_1_81' title='bbox 1285 1240 1436 1312; x_wconf 90' lang='lat' dir='ltr'><strong>apud</strong></span> <span class='ocrx_word' id='word_1_82' title='bbox 1500 1252 1790 1295; x_wconf 74' lang='lat' dir='ltr'><strong>nostrates</strong></span> <span class='ocrx_word' id='word_1_83' title='bbox 1848 1257 1961 1294; x_wconf 75' lang='lat' dir='ltr'><strong>non</strong></span> 
     </span>
     <span class='ocr_line' id='line_1_13' title="bbox 115 1330 1972 1407; baseline -0.001 -21"><span class='ocrx_word' id='word_1_84' title='bbox 115 1405 117 1407; x_wconf 22' lang='lat'>¹</span> <span class='ocrx_word' id='word_1_85' title='bbox 193 1333 580 1393; x_wconf 85' lang='lat' dir='ltr'><strong>observatur,</strong></span> <span class='ocrx_word' id='word_1_86' title='bbox 613 1330 915 1384; x_wconf 84' lang='lat' dir='ltr'><strong>venenatis</strong></span> <span class='ocrx_word' id='word_1_87' title='bbox 951 1343 1144 1385; x_wconf 89' lang='lat' dir='ltr'><strong>autem</strong></span> <span class='ocrx_word' id='word_1_88' title='bbox 1179 1343 1304 1385; x_wconf 84' lang='lat' dir='ltr'><strong>arte</strong></span> <span class='ocrx_word' id='word_1_89' title='bbox 1339 1333 1445 1386; x_wconf 88' lang='lat' dir='ltr'><strong>hac</strong></span> <span class='ocrx_word' id='word_1_90' title='bbox 1486 1350 1629 1402; x_wconf 89' lang='lat' dir='ltr'><strong>opus</strong></span> <span class='ocrx_word' id='word_1_91' title='bbox 1660 1331 1813 1384; x_wconf 87' lang='lat' dir='ltr'><strong>haud</strong></span> <span class='ocrx_word' id='word_1_92' title='bbox 1851 1343 1972 1400; x_wconf 80' lang='lat' dir='ltr'><strong>est,</strong></span> 
     </span>
     <span class='ocr_line' id='line_1_14' title="bbox 196 1420 1968 1494; baseline -0.001 -18"><span class='ocrx_word' id='word_1_93' title='bbox 196 1441 322 1476; x_wconf 87' lang='lat' dir='ltr'><strong>cum</strong></span> <span class='ocrx_word' id='word_1_94' title='bbox 362 1423 484 1477; x_wconf 92' lang='lat' dir='ltr'><strong>telo</strong></span> <span class='ocrx_word' id='word_1_95' title='bbox 524 1439 628 1476; x_wconf 90' lang='lat' dir='ltr'><strong>suo</strong></span> <span class='ocrx_word' id='word_1_96' title='bbox 667 1420 953 1475; x_wconf 83' lang='lat' dir='ltr'><strong>citissime</strong></span> <span class='ocrx_word' id='word_1_97' title='bbox 989 1421 1262 1476; x_wconf 89' lang='lat' dir='ltr'><strong>animalia</strong></span> <span class='ocrx_word' id='word_1_98' title='bbox 1312 1422 1368 1474; x_wconf 90' lang='lat' dir='ltr'><strong>in</strong></span> <span class='ocrx_word' id='word_1_99' title='bbox 1416 1423 1685 1494; x_wconf 83' lang='lat' dir='ltr'><strong>praedam</strong></span> <span class='ocrx_word' id='word_1_100' title='bbox 1738 1422 1968 1476; x_wconf 85' lang='lat' dir='ltr'><strong>delecta</strong></span> 
     </span>
     <span class='ocr_line' id='line_1_15' title="bbox 199 1496 1966 1584; baseline -0.002 -16"><span class='ocrx_word' id='word_1_101' title='bbox 199 1532 442 1568; x_wconf 89' lang='lat' dir='ltr'><strong>enecare</strong></span> <span class='ocrx_word' id='word_1_102' title='bbox 483 1496 727 1584; x_wconf 70' lang='lat' dir='ltr'><strong>possint·</strong></span> <span class='ocrx_word' id='word_1_103' title='bbox 781 1513 1006 1567; x_wconf 84' lang='lat' dir='ltr'><strong>Dentes</strong></span> <span class='ocrx_word' id='word_1_104' title='bbox 1041 1530 1241 1567; x_wconf 90' lang='lat' dir='ltr'><strong>omnes</strong></span> <span class='ocrx_word' id='word_1_105' title='bbox 1282 1514 1438 1567; x_wconf 86' lang='lat' dir='ltr'><strong>acuti</strong></span> <span class='ocrx_word' id='word_1_106' title='bbox 1475 1527 1695 1567; x_wconf 86' lang='lat' dir='ltr'><strong>tantum</strong></span> <span class='ocrx_word' id='word_1_107' title='bbox 1732 1512 1966 1583; x_wconf 83' lang='lat' dir='ltr'><strong>eapien-</strong></span> 
     </span>
     <span class='ocr_line' id='line_1_16' title="bbox 200 1605 1967 1675; baseline 0 -15"><span class='ocrx_word' id='word_1_108' title='bbox 200 1608 352 1668; x_wconf 87' lang='lat' dir='ltr'><strong>dae‚</strong></span> <span class='ocrx_word' id='word_1_109' title='bbox 410 1626 474 1661; x_wconf 84' lang='lat' dir='ltr'><strong>ae</strong></span> <span class='ocrx_word' id='word_1_110' title='bbox 530 1606 823 1660; x_wconf 91' lang='lat' dir='ltr'><strong>tenendae</strong></span> <span class='ocrx_word' id='word_1_111' title='bbox 876 1606 1152 1675; x_wconf 89' lang='lat' dir='ltr'><strong>rapinae,</strong></span> <span class='ocrx_word' id='word_1_112' title='bbox 1211 1623 1326 1658; x_wconf 93' lang='lat' dir='ltr'><strong>non</strong></span> <span class='ocrx_word' id='word_1_113' title='bbox 1376 1625 1516 1660; x_wconf 82' lang='lat' dir='ltr'><strong>vero</strong></span> <span class='ocrx_word' id='word_1_114' title='bbox 1573 1605 1967 1660; x_wconf 87' lang='lat' dir='ltr'><strong>masticationi</strong></span> 
     </span>
     <span class='ocr_line' id='line_1_17' title="bbox 197 1696 1970 1770; baseline -0.002 -18"><span class='ocrx_word' id='word_1_115' title='bbox 197 1712 330 1752; x_wconf 82' lang='lat' dir='ltr'><strong>sunt</strong></span> <span class='ocrx_word' id='word_1_116' title='bbox 379 1697 698 1768; x_wconf 86' lang='lat' dir='ltr'><strong>destinati,</strong></span> <span class='ocrx_word' id='word_1_117' title='bbox 755 1700 888 1761; x_wconf 80' lang='lat' dir='ltr'><strong>hinc</strong></span> <span class='ocrx_word' id='word_1_118' title='bbox 942 1700 1161 1760; x_wconf 81' lang='lat' dir='ltr'><strong>accidit</strong></span> <span class='ocrx_word' id='word_1_119' title='bbox 1210 1718 1385 1770; x_wconf 85' lang='lat' dir='ltr'><strong>saepe</strong></span> <span class='ocrx_word' id='word_1_120' title='bbox 1428 1713 1490 1753; x_wconf 89' lang='lat' dir='ltr'><strong>ut</strong></span> <span class='ocrx_word' id='word_1_121' title='bbox 1525 1711 1746 1752; x_wconf 87' lang='lat' dir='ltr'><strong>tantum</strong></span> <span class='ocrx_word' id='word_1_122' title='bbox 1799 1696 1970 1750; x_wconf 62' lang='lat' dir='ltr'><strong>dimi÷</strong></span> 
     </span>
     <span class='ocr_line' id='line_1_18' title="bbox 204 1791 1969 1865; baseline -0.001 -21"><span class='ocrx_word' id='word_1_123' title='bbox 204 1792 362 1845; x_wconf 88' lang='lat' dir='ltr'><strong>dium</strong></span> <span class='ocrx_word' id='word_1_124' title='bbox 397 1791 630 1861; x_wconf 81' lang='lat' dir='ltr'><strong>rapinae</strong></span> <span class='ocrx_word' id='word_1_125' title='bbox 667 1811 802 1846; x_wconf 91' lang='lat' dir='ltr'><strong>suae</strong></span> <span class='ocrx_word' id='word_1_126' title='bbox 839 1792 1139 1865; x_wconf 80' lang='lat' dir='ltr'><strong>deglutire</strong></span> <span class='ocrx_word' id='word_1_127' title='bbox 1176 1792 1444 1859; x_wconf 76' lang='lat' dir='ltr'><strong>valeant,</strong></span> <span class='ocrx_word' id='word_1_128' title='bbox 1482 1791 1632 1843; x_wconf 82' lang='lat' dir='ltr'><strong>acin</strong></span> <span class='ocrx_word' id='word_1_129' title='bbox 1668 1792 1778 1843; x_wconf 89' lang='lat' dir='ltr'><strong>hoc</strong></span> <span class='ocrx_word' id='word_1_130' title='bbox 1815 1803 1969 1843; x_wconf 88' lang='lat' dir='ltr'><strong>statu</strong></span> 
     </span>
    </p>
   </div>
   <div class='ocr_carea' id='block_1_3' title="bbox 203 1882 2056 1956">
    <p class='ocr_par' dir='ltr' id='par_1_3' title="bbox 203 1882 2056 1956">
     <span class='ocr_line' id='line_1_19' title="bbox 203 1882 2056 1956; baseline -0.002 -19"><span class='ocrx_word' id='word_1_131' title='bbox 203 1898 390 1938; x_wconf 88' lang='lat' dir='ltr'><strong>semet</strong></span> <span class='ocrx_word' id='word_1_132' title='bbox 425 1886 496 1939; x_wconf 85' lang='lat' dir='ltr'><strong>ad</strong></span> <span class='ocrx_word' id='word_1_133' title='bbox 539 1886 796 1947; x_wconf 78' lang='lat' dir='ltr'><strong>latebras</strong></span> <span class='ocrx_word' id='word_1_134' title='bbox 836 1905 965 1939; x_wconf 88' lang='lat' dir='ltr'><strong>suas</strong></span> <span class='ocrx_word' id='word_1_135' title='bbox 1022 1885 1359 1952; x_wconf 87' lang='lat' dir='ltr'><strong>conferant,</strong></span> <span class='ocrx_word' id='word_1_136' title='bbox 1415 1882 1702 1956; x_wconf 89' lang='lat' dir='ltr'><strong>portionis</strong></span> <span class='ocrx_word' id='word_1_137' title='bbox 1759 1882 1971 1954; x_wconf 81' lang='lat' dir='ltr'><strong>deglu-</strong></span> <span class='ocrx_word' id='word_1_138' title='bbox 2044 1888 2056 1899; x_wconf 85' lang='lat'>&#39;</span> 
     </span>
    </p>
   </div>
   <div class='ocr_carea' id='block_1_4' title="bbox 194 1974 2047 3521">
    <p class='ocr_par' dir='ltr' id='par_1_4' title="bbox 194 1974 2047 3521">
     <span class='ocr_line' id='line_1_20' title="bbox 194 1974 1969 2048; baseline -0.002 -18"><span class='ocrx_word' id='word_1_139' title='bbox 194 1978 340 2031; x_wconf 86' lang='lat' dir='ltr'><strong>titae</strong></span> <span class='ocrx_word' id='word_1_140' title='bbox 390 1975 784 2048; x_wconf 79' lang='lat' dir='ltr'><strong>digestionem</strong></span> <span class='ocrx_word' id='word_1_141' title='bbox 828 1976 886 2029; x_wconf 90' lang='lat' dir='ltr'><strong>in</strong></span> <span class='ocrx_word' id='word_1_142' title='bbox 925 1975 1278 2045; x_wconf 82' lang='lat' dir='ltr'><strong>solitudine,</strong></span> <span class='ocrx_word' id='word_1_143' title='bbox 1333 1988 1392 2030; x_wconf 85' lang='lat' dir='ltr'><strong>et</strong></span> <span class='ocrx_word' id='word_1_144' title='bbox 1428 1975 1588 2047; x_wconf 88' lang='lat' dir='ltr'><strong>quasi</strong></span> <span class='ocrx_word' id='word_1_145' title='bbox 1631 1974 1685 2027; x_wconf 90' lang='lat' dir='ltr'><strong>in</strong></span> <span class='ocrx_word' id='word_1_146' title='bbox 1726 1975 1969 2029; x_wconf 78' lang='lat' dir='ltr'><strong>semiso-</strong></span> 
     </span>
     <span class='ocr_line' id='line_1_21' title="bbox 196 2065 1974 2143; baseline -0.001 -22"><span class='ocrx_word' id='word_1_147' title='bbox 196 2087 340 2143; x_wconf 80' lang='lat' dir='ltr'><strong>pore</strong></span> <span class='ocrx_word' id='word_1_148' title='bbox 386 2078 823 2140; x_wconf 79' lang='lat' dir='ltr'><strong>e.xspectante.s.&#39;</strong></span> <span class='ocrx_word' id='word_1_149' title='bbox 877 2070 1021 2123; x_wconf 86' lang='lat' dir='ltr'><strong>Cum</strong></span> <span class='ocrx_word' id='word_1_150' title='bbox 1060 2082 1252 2122; x_wconf 89' lang='lat' dir='ltr'><strong>autem</strong></span> <span class='ocrx_word' id='word_1_151' title='bbox 1292 2067 1553 2140; x_wconf 81' lang='lat' dir='ltr'><strong>digestio</strong></span> <span class='ocrx_word' id='word_1_152' title='bbox 1595 2084 1799 2129; x_wconf 83' lang='lat' dir='ltr'><strong>eorum.</strong></span> <span class='ocrx_word' id='word_1_153' title='bbox 1834 2065 1974 2121; x_wconf 81' lang='lat' dir='ltr'><strong>satis</strong></span> 
     </span>
     <span class='ocr_line' id='line_1_22' title="bbox 198 2159 1973 2234; baseline -0.001 -20"><span class='ocrx_word' id='word_1_154' title='bbox 198 2163 550 2234; x_wconf 84' lang='lat' dir='ltr'><strong>segnissit,</strong></span> <span class='ocrx_word' id='word_1_155' title='bbox 591 2161 789 2231; x_wconf 82' lang='lat' dir='ltr'><strong>por-tio</strong></span> <span class='ocrx_word' id='word_1_156' title='bbox 831 2174 992 2214; x_wconf 87' lang='lat' dir='ltr'><strong>extra</strong></span> <span class='ocrx_word' id='word_1_157' title='bbox 1031 2161 1227 2233; x_wconf 89' lang='lat' dir='ltr'><strong>gulam</strong></span> <span class='ocrx_word' id='word_1_158' title='bbox 1268 2172 1326 2213; x_wconf 88' lang='lat' dir='ltr'><strong>et</strong></span> <span class='ocrx_word' id='word_1_159' title='bbox 1361 2178 1425 2213; x_wconf 88' lang='lat' dir='ltr'><strong>os</strong></span> <span class='ocrx_word' id='word_1_160' title='bbox 1467 2159 1838 2230; x_wconf 85' lang='lat' dir='ltr'><strong>propendens</strong></span> <span class='ocrx_word' id='word_1_161' title='bbox 1880 2180 1973 2213; x_wconf 88' lang='lat' dir='ltr'><strong>eo·</strong></span> 
     </span>
     <span class='ocr_line' id='line_1_23' title="bbox 200 2251 1974 2327; baseline -0.002 -21"><span class='ocrx_word' id='word_1_162' title='bbox 200 2274 378 2327; x_wconf 87' lang='lat' dir='ltr'><strong>usque</strong></span> <span class='ocrx_word' id='word_1_163' title='bbox 416 2255 600 2308; x_wconf 85' lang='lat' dir='ltr'><strong>donec</strong></span> <span class='ocrx_word' id='word_1_164' title='bbox 639 2253 756 2306; x_wconf 89' lang='lat' dir='ltr'><strong>alia</strong></span> <span class='ocrx_word' id='word_1_165' title='bbox 789 2253 1088 2325; x_wconf 83' lang='lat' dir='ltr'><strong>deglutita</strong></span> <span class='ocrx_word' id='word_1_166' title='bbox 1124 2252 1465 2324; x_wconf 81' lang='lat' dir='ltr'><strong>digeratur,</strong></span> <span class='ocrx_word' id='word_1_167' title='bbox 1498 2251 1809 2322; x_wconf 88' lang='lat' dir='ltr'><strong>putredine</strong></span> <span class='ocrx_word' id='word_1_168' title='bbox 1846 2267 1974 2303; x_wconf 77' lang='lat' dir='ltr'><strong>cor-</strong></span> 
     </span>
     <span class='ocr_line' id='line_1_24' title="bbox 202 2341 1972 2414; baseline -0.002 -18"><span class='ocrx_word' id='word_1_169' title='bbox 202 2344 523 2414; x_wconf 83' lang='lat' dir='ltr'><strong>rumpitur,</strong></span> <span class='ocrx_word' id='word_1_170' title='bbox 562 2358 733 2414; x_wconf 88' lang='lat' dir='ltr'><strong>atque</strong></span> <span class='ocrx_word' id='word_1_171' title='bbox 776 2344 859 2398; x_wconf 89' lang='lat' dir='ltr'><strong>sic</strong></span> <span class='ocrx_word' id='word_1_172' title='bbox 899 2345 1190 2397; x_wconf 83' lang='lat' dir='ltr'><strong>foetorem</strong></span> <span class='ocrx_word' id='word_1_173' title='bbox 1231 2361 1519 2396; x_wconf 88' lang='lat' dir='ltr'><strong>enormem</strong></span> <span class='ocrx_word' id='word_1_174' title='bbox 1567 2341 1636 2394; x_wconf 89' lang='lat' dir='ltr'><strong>ad</strong></span> <span class='ocrx_word' id='word_1_175' title='bbox 1684 2341 1972 2413; x_wconf 83' lang='lat' dir='ltr'><strong>insignem</strong></span> 
     </span>
     <span class='ocr_line' id='line_1_25' title="bbox 205 2436 1972 2509; baseline -0.002 -20"><span class='ocrx_word' id='word_1_176' title='bbox 205 2436 540 2491; x_wconf 82' lang='lat' dir='ltr'><strong>distantiam</strong></span> <span class='ocrx_word' id='word_1_177' title='bbox 574 2451 858 2509; x_wconf 76' lang='lat' dir='ltr'><strong>spargunt</strong></span> <span class='ocrx_word' id='word_1_178' title='bbox 883 2475 896 2501; x_wconf 95' lang='lat'><strong>,</strong></span> <span class='ocrx_word' id='word_1_179' title='bbox 941 2454 1052 2508; x_wconf 89' lang='lat' dir='ltr'><strong>quo</strong></span> <span class='ocrx_word' id='word_1_180' title='bbox 1092 2454 1264 2507; x_wconf 87' lang='lat' dir='ltr'><strong>saepe</strong></span> <span class='ocrx_word' id='word_1_181' title='bbox 1303 2436 1561 2488; x_wconf 85' lang='lat' dir='ltr'><strong>latebras</strong></span> <span class='ocrx_word' id='word_1_182' title='bbox 1602 2453 1731 2490; x_wconf 80' lang='lat' dir='ltr'><strong>suas</strong></span> <span class='ocrx_word' id='word_1_183' title='bbox 1773 2452 1972 2504; x_wconf 85' lang='lat' dir='ltr'><strong>perse·</strong></span> 
     </span>
     <span class='ocr_line' id='line_1_26' title="bbox 201 2525 1972 2587; baseline -0.003 -5"><span class='ocrx_word' id='word_1_184' title='bbox 201 2529 502 2583; x_wconf 72' lang='lat' dir='ltr'><strong>autoribus</strong></span> <span class='ocrx_word' id='word_1_185' title='bbox 552 2531 942 2584; x_wconf 84' lang='lat' dir='ltr'><strong>manifestant.</strong></span> <span class='ocrx_word' id='word_1_186' title='bbox 1019 2531 1084 2582; x_wconf 86' lang='lat' dir='ltr'><strong>ln</strong></span> <span class='ocrx_word' id='word_1_187' title='bbox 1133 2530 1244 2587; x_wconf 20' lang='lat' dir='ltr'><strong>hoie</strong></span> <span class='ocrx_word' id='word_1_188' title='bbox 1291 2542 1483 2585; x_wconf 87' lang='lat' dir='ltr'><strong>autem</strong></span> <span class='ocrx_word' id='word_1_189' title='bbox 1535 2541 1688 2582; x_wconf 85' lang='lat' dir='ltr'><strong>statu</strong></span> <span class='ocrx_word' id='word_1_190' title='bbox 1741 2527 1820 2580; x_wconf 81' lang='lat' dir='ltr'><strong>ita</strong></span> <span class='ocrx_word' id='word_1_191' title='bbox 1875 2525 1972 2578; x_wconf 88' lang='lat' dir='ltr'><strong>de.-</strong></span> 
     </span>
     <span class='ocr_line' id='line_1_27' title="bbox 201 2620 1972 2694; baseline -0.003 -19"><span class='ocrx_word' id='word_1_192' title='bbox 201 2642 436 2694; x_wconf 86' lang='lat' dir='ltr'><strong>pressae</strong></span> <span class='ocrx_word' id='word_1_193' title='bbox 479 2635 610 2678; x_wconf 87' lang='lat' dir='ltr'><strong>sunt</strong></span> <span class='ocrx_word' id='word_1_194' title='bbox 661 2637 895 2678; x_wconf 88' lang='lat' dir='ltr'><strong>ceterae</strong></span> <span class='ocrx_word' id='word_1_195' title='bbox 948 2622 1387 2678; x_wconf 67' lang='lat' dir='ltr'><strong>functiones&#39;et</strong></span> <span class='ocrx_word' id='word_1_196' title='bbox 1419 2620 1695 2676; x_wconf 75' lang='lat' dir='ltr'><strong>vivacitas</strong></span> <span class='ocrx_word' id='word_1_197' title='bbox 1738 2636 1972 2687; x_wconf 85' lang='lat' dir='ltr'><strong>eorum,</strong></span> 
     </span>
     <span class='ocr_line' id='line_1_28' title="bbox 200 2712 1972 2789; baseline -0.006 -15"><span class='ocrx_word' id='word_1_198' title='bbox 200 2730 266 2775; x_wconf 77' lang='lat' dir='ltr'><strong>ut</strong></span> <span class='ocrx_word' id='word_1_199' title='bbox 323 2715 572 2787; x_wconf 88' lang='lat' dir='ltr'><strong>majores</strong></span> <span class='ocrx_word' id='word_1_200' title='bbox 626 2736 853 2789; x_wconf 91' lang='lat' dir='ltr'><strong>quoque</strong></span> <span class='ocrx_word' id='word_1_201' title='bbox 910 2718 1032 2771; x_wconf 86' lang='lat' dir='ltr'><strong>sine</strong></span> <span class='ocrx_word' id='word_1_202' title='bbox 1092 2734 1303 2786; x_wconf 82' lang='lat' dir='ltr'><strong>magno</strong></span> <span class='ocrx_word' id='word_1_203' title='bbox 1363 2712 1722 2770; x_wconf 73' lang='lat' dir='ltr'><strong>defensionis·</strong></span> <span class='ocrx_word' id='word_1_204' title='bbox 1777 2726 1835 2767; x_wconf 88' lang='lat' dir='ltr'><strong>et</strong></span> <span class='ocrx_word' id='word_1_205' title='bbox 1886 2731 1972 2776; x_wconf 74' lang='lat' dir='ltr'><strong>re-</strong></span> 
     </span>
     <span class='ocr_line' id='line_1_29' title="bbox 203 2806 1970 2880; baseline -0.002 -16"><span class='ocrx_word' id='word_1_206' title='bbox 203 2809 516 2865; x_wconf 87' lang='lat' dir='ltr'><strong>sistentiae.</strong></span> <span class='ocrx_word' id='word_1_207' title='bbox 563 2809 830 2879; x_wconf 89' lang='lat' dir='ltr'><strong>periculo</strong></span> <span class='ocrx_word' id='word_1_208' title='bbox 876 2809 1119 2863; x_wconf 85' lang='lat' dir='ltr'><strong>mactari</strong></span> <span class='ocrx_word' id='word_1_209' title='bbox 1165 2809 1425 2880; x_wconf 74' lang='lat' dir='ltr'><strong>possint-3</strong></span> <span class='ocrx_word' id='word_1_210' title='bbox 1481 2811 1707 2863; x_wconf 85' lang='lat' dir='ltr'><strong>foetore</strong></span> <span class='ocrx_word' id='word_1_211' title='bbox 1749 2806 1819 2859; x_wconf 89' lang='lat' dir='ltr'><strong>ab</strong></span> <span class='ocrx_word' id='word_1_212' title='bbox 1862 2807 1970 2860; x_wconf 83' lang='lat' dir='ltr'><strong>hae</strong></span> 
     </span>
     <span class='ocr_line' id='line_1_30' title="bbox 203 2902 1970 2975; baseline -0.001 -23"><span class='ocrx_word' id='word_1_213' title='bbox 203 2920 372 2957; x_wconf 82' lang='lat' dir='ltr'><strong>causa</strong></span> <span class='ocrx_word' id='word_1_214' title='bbox 408 2903 824 2973; x_wconf 82' lang='lat' dir='ltr'><strong>proveniente,</strong></span> <span class='ocrx_word' id='word_1_215' title='bbox 859 2903 956 2975; x_wconf 92' lang='lat' dir='ltr'><strong>qui</strong></span> <span class='ocrx_word' id='word_1_216' title='bbox 992 2902 1286 2974; x_wconf 85' lang='lat' dir='ltr'><strong>aliquibus</strong></span> <span class='ocrx_word' id='word_1_217' title='bbox 1321 2903 1627 2974; x_wconf 85' lang='lat' dir='ltr'><strong>speciebus</strong></span> <span class='ocrx_word' id='word_1_218' title='bbox 1659 2919 1763 2971; x_wconf 89' lang='lat' dir='ltr'><strong>per</strong></span> <span class='ocrx_word' id='word_1_219' title='bbox 1793 2919 1970 2971; x_wconf 48' lang='lat' dir='ltr'><strong>pec-u*</strong></span> 
     </span>
     <span class='ocr_line' id='line_1_31' title="bbox 201 2994 1967 3068; baseline -0.001 -21"><span class='ocrx_word' id='word_1_220' title='bbox 201 2994 378 3049; x_wconf 88' lang='lat' dir='ltr'><strong>liares</strong></span> <span class='ocrx_word' id='word_1_221' title='bbox 413 3013 641 3067; x_wconf 87' lang='lat' dir='ltr'><strong>quoque</strong></span> <span class='ocrx_word' id='word_1_222' title='bbox 676 2994 990 3067; x_wconf 84' lang='lat' dir='ltr'><strong>glandulas</strong></span> <span class='ocrx_word' id='word_1_223' title='bbox 1012 2994 1218 3068; x_wconf 86' lang='lat' dir='ltr'><strong>augeri</strong></span> <span class='ocrx_word' id='word_1_224' title='bbox 1254 2994 1503 3055; x_wconf 84' lang='lat' dir='ltr'><strong>dicitur,</strong></span> <span class='ocrx_word' id='word_1_225' title='bbox 1537 3006 1722 3046; x_wconf 90' lang='lat' dir='ltr'><strong>totum</strong></span> <span class='ocrx_word' id='word_1_226' title='bbox 1757 3009 1967 3062; x_wconf 79' lang='lat' dir='ltr'><strong>eorpus</strong></span> 
     </span>
     <span class='ocr_line' id='line_1_32' title="bbox 206 3082 2011 3158; baseline -0.002 -20"><span class='ocrx_word' id='word_1_227' title='bbox 206 3102 406 3138; x_wconf 91' lang='lat' dir='ltr'><strong>eorum</strong></span> <span class='ocrx_word' id='word_1_228' title='bbox 460 3098 836 3156; x_wconf 89' lang='lat' dir='ltr'><strong>penetratur,</strong></span> <span class='ocrx_word' id='word_1_229' title='bbox 888 3084 971 3139; x_wconf 89' lang='lat' dir='ltr'><strong>ita</strong></span> <span class='ocrx_word' id='word_1_230' title='bbox 1024 3086 1297 3158; x_wconf 86' lang='lat' dir='ltr'><strong>quidem,</strong></span> <span class='ocrx_word' id='word_1_231' title='bbox 1352 3098 1414 3138; x_wconf 88' lang='lat' dir='ltr'><strong>ut</strong></span> <span class='ocrx_word' id='word_1_232' title='bbox 1465 3082 1600 3136; x_wconf 89' lang='lat' dir='ltr'><strong>inde</strong></span> <span class='ocrx_word' id='word_1_233' title='bbox 1645 3093 1858 3135; x_wconf 87' lang='lat' dir='ltr'><strong>tetram</strong></span> <span class='ocrx_word' id='word_1_234' title='bbox 1913 3083 2011 3134; x_wconf 54' lang='lat' dir='ltr'><strong>et‘</strong></span> 
     </span>
     <span class='ocr_line' id='line_1_33' title="bbox 200 3175 1973 3246; baseline -0.003 -16"><span class='ocrx_word' id='word_1_235' title='bbox 200 3175 575 3246; x_wconf 80' lang='lat' dir='ltr'><strong>mephitieam</strong></span> <span class='ocrx_word' id='word_1_236' title='bbox 630 3176 1062 3229; x_wconf 87' lang='lat' dir='ltr'><strong>exhalationem</strong></span> <span class='ocrx_word' id='word_1_237' title='bbox 1115 3176 1294 3246; x_wconf 85' lang='lat' dir='ltr'><strong>ipsam</strong></span> <span class='ocrx_word' id='word_1_238' title='bbox 1350 3175 1727 3244; x_wconf 89' lang='lat' dir='ltr'><strong>propinquam</strong></span> <span class='ocrx_word' id='word_1_239' title='bbox 1781 3190 1973 3225; x_wconf 81' lang='lat' dir='ltr'><strong>auram</strong></span> 
     </span>
     <span class='ocr_line' id='line_1_34' title="bbox 200 3263 2047 3334; baseline -0.001 -16"><span class='ocrx_word' id='word_1_240' title='bbox 200 3266 557 3326; x_wconf 73' lang='lat' dir='ltr'><strong>inficientem</strong></span> <span class='ocrx_word' id='word_1_241' title='bbox 602 3266 1042 3334; x_wconf 71' lang='lat' dir='ltr'><strong>nanciscantur,</strong></span> <span class='ocrx_word' id='word_1_242' title='bbox 1102 3285 1165 3320; x_wconf 88' lang='lat' dir='ltr'><strong>ac</strong></span> <span class='ocrx_word' id='word_1_243' title='bbox 1209 3265 1480 3318; x_wconf 87' lang='lat' dir='ltr'><strong>animalia</strong></span> <span class='ocrx_word' id='word_1_244' title='bbox 1538 3283 1668 3318; x_wconf 86' lang='lat' dir='ltr'><strong>casu</strong></span> <span class='ocrx_word' id='word_1_245' title='bbox 1727 3263 1784 3315; x_wconf 93' lang='lat' dir='ltr'><strong>in</strong></span> <span class='ocrx_word' id='word_1_246' title='bbox 1823 3266 1970 3316; x_wconf 85' lang='lat' dir='ltr'><strong>hanc</strong></span> <span class='ocrx_word' id='word_1_247' title='bbox 2040 3304 2047 3308; x_wconf 73' lang='lat'><em>-</em></span> 
     </span>
     <span class='ocr_line' id='line_1_35' title="bbox 204 3354 1972 3426; baseline -0.001 -16"><span class='ocrx_word' id='word_1_248' title='bbox 204 3357 508 3423; x_wconf 79' lang='lat' dir='ltr'><strong>labentia,</strong></span> <span class='ocrx_word' id='word_1_249' title='bbox 544 3370 772 3417; x_wconf 80' lang='lat' dir='ltr'><strong>terrore</strong></span> <span class='ocrx_word' id='word_1_250' title='bbox 816 3357 988 3416; x_wconf 82' lang='lat' dir='ltr'><strong>simul</strong></span> <span class='ocrx_word' id='word_1_251' title='bbox 1036 3356 1278 3426; x_wconf 71' lang='lat' dir='ltr'><strong>latentis</strong></span> <span class='ocrx_word' id='word_1_252' title='bbox 1326 3355 1618 3426; x_wconf 85' lang='lat' dir='ltr'><strong>serpentis</strong></span> <span class='ocrx_word' id='word_1_253' title='bbox 1670 3354 1972 3425; x_wconf 70' lang='lat' dir='ltr'><strong>peredlsa,</strong></span> 
     </span>
     <span class='ocr_line' id='line_1_36' title="bbox 205 3447 1971 3521; baseline -0.003 -18"><span class='ocrx_word' id='word_1_254' title='bbox 205 3448 265 3519; x_wconf 66' lang='lat' dir='ltr'><strong>in</strong></span> <span class='ocrx_word' id='word_1_255' title='bbox 311 3447 729 3516; x_wconf 20' lang='lat' dir='ltr'><strong>titubatio-nem,</strong></span> <span class='ocrx_word' id='word_1_256' title='bbox 777 3466 841 3502; x_wconf 88' lang='lat' dir='ltr'><strong>ac</strong></span> <span class='ocrx_word' id='word_1_257' title='bbox 895 3449 1182 3502; x_wconf 85' lang='lat' dir='ltr'><strong>nareosim</strong></span> <span class='ocrx_word' id='word_1_258' title='bbox 1230 3448 1629 3510; x_wconf 67' lang='lat' dir='ltr'><strong>conicientur,</strong></span> <span class='ocrx_word' id='word_1_259' title='bbox 1670 3447 1865 3521; x_wconf 85' lang='lat' dir='ltr'><strong>sicque</strong></span> <span class='ocrx_word' id='word_1_260' title='bbox 1911 3458 1971 3498; x_wconf 88' lang='lat' dir='ltr'><strong>ut</strong></span> 
     </span>
    </p>
   </div>
  </div>
 </body>
</html>
