2204 3764
894 213 977 242 4-
1058 200 1270 250 50-—

180 361 317 413 quas
355 342 522 401 Aras,
564 351 620 393 et
654 339 960 394 Ministros
994 357 1129 393 suos
1167 339 1424 400 habent,
1457 351 1753 395 testantur
1789 341 1971 400 multa

182 454 253 487 ex
292 447 515 504 patrum
551 435 863 493 memoria,
907 445 967 486 et
999 433 1351 486 recentioris
1387 434 1596 500 aetatis
1637 434 1963 491 itineraria.

591 674 1232 764 SECTIO
1354 676 1565 764 VI..

184 865 312 940 De
358 863 886 964 serpentibus
927 866 1403 949 venenatiS‚
1464 886 1785 936 veneno
1843 888 1969 939 eo·-

317 1009 540 1071 rnm,
593 995 678 1057 et
717 1008 922 1056 cura
960 980 1067 1054 ab
1113 983 1219 1055 iis
1267 983 1852 1056 demersurum.

988 1205 1048 1293 §.
1098 1221 1199 1274 50.

312 1358 886 1414 >'Differentiae
930 1359 1148 1413 inter
1184 1370 1602 1413 venenatos
1645 1371 1721 1412 et
1761 1357 1977 1435 inno-j

189 1470 217 1505 c
238 1470 323 1504 uo
346 1470 392 1505 s.
449 1450 572 1504 Etsi
609 1451 847 1504 habitus
873 1462 1208 1521 serpentum
1242 1454 1361 1503 fere
1387 1449 1648 1502 omnium
1669 1450 1972 1521 horridus„

190 1563 254 1596 ac
289 1544 428 1596 ideo
462 1543 764 1615 plerisque
799 1542 1136 1596 hominibus
1174 1559 1500 1611 venenosus
1526 1559 1653 1595 esse
1676 1542 1972 1610 videatur,

191 1651 395 1690 natura
446 1650 635 1690 tamen
682 1638 780 1691 vix
834 1637 1125 1691 decimam
1174 1649 1393 1708 partem
1448 1636 1690 1690 illorum
1739 1654 1969 1690 veneno
2013 1658 2015 1660 ·

190 1732 450 1785 armavit·

329 1846 746 1901 Differentiam
794 1860 1212 1901 venenatorum
1262 1847 1331 1900 ab
1377 1844 1645 1899 innocuis
1687 1861 1973 1912 noscere,

191 1939 418 1992 maximi
473 1939 753 1993 momenti
817 1938 1120 2005 obiectum
1168 1951 1296 2005 est3
1353 1937 1675 1991 utilissima
1732 1936 1974 2008 quidem

191 2033 505 2085 methodus
543 2032 730 2092 foret,
772 2051 916 2103 quae
955 2050 1057 2086 eos
1093 2031 1303 2085 obtutu
1347 2043 1594 2083 externo
1637 2028 1977 2099 distingue-

193 2137 316 2192 ret,
356 2125 451 2178 hic
497 2137 692 2178 tamen
743 2125 901 2179 solus
953 2125 1106 2178 haud
1147 2124 1400 2190 sufficit,
1437 2122 1778 2194 saepissime
1821 2121 1980 2176 enim

193 2217 659 2289 investigatione
687 2217 1014 2288 penitiore,
1051 2237 1165 2272 non
1189 2237 1318 2272 raro
1342 2218 1503 2272 lente
1539 2234 1768 2290 quoque
1793 2215 1980 2269 vitrea

194 2308 551 2380 perficienda
589 2329 734 2381 opus
779 2322 882 2364 est.

196 2471 552 2527 Criteria
609 2492 802 2545 quae
860 2475 1362 2528 characteres
1420 2471 1749 2529 externi
1809 2487 1975 2542 sup-

495 2566 887 2636 peditant
941 2567 1383 2639 sequentia
1441 2579 1658 2620 sunt:

335 2724 507 2763 l-mo.
554 2713 752 2780 Caput
788 2712 1254 2764 Venenatorum
1294 2724 1384 2766 est
1416 2712 1642 2773 latum,
1681 2711 1749 2765 ad
1791 2708 1979 2765 basim
2051 2752 2060 2756 ,

191 2801 564 2854 maxillarum
604 2802 940 2863 diductum,
980 2804 1350 2875 triangulare
1375 2845 1389 2871 ‚
1442 2817 1539 2857 aut
1576 2804 1975 2870 cordiforme‚

190 2894 325 2946 hinc
371 2895 591 2947 collum
629 2895 813 2948 multo
850 2897 1086 2949 tenuius
1117 2934 1132 2959 ‚
1176 2900 1599 2948 Innocuorum
1642 2901 1831 2967 caput
1883 2907 1975 2949 est

189 2983 501 3057 angustius
539 3027 556 3055 ,
634 2986 840 3054 ovale,
909 2999 1008 3038 aut
1064 2985 1435 3057 ellipticum,
1489 2983 1722 3055 saepius
1766 2981 1975 3036 subdi-

186 3079 485 3131 etinctum.

321 3208 372 3244 2.
446 3195 648 3261 Caput
711 3195 1178 3243 venenatorum
1233 3194 1479 3265 squamis
1533 3190 1691 3244 dorsi
1765 3186 1972 3243 simili-

182 3286 290 3338 bus
318 3321 334 3345 ,
376 3297 473 3335 aut
505 3301 645 3335 vero
685 3283 956 3336 scutellis
994 3284 1321 3338 minoribus
1357 3285 1627 3353 vestitur,
1669 3269 1974 3334 Innocuo-

180 3394 318 3429 rum
358 3379 549 3446 caput
585 3374 1128 3443 scutismajoribus
1166 3380 1426 3451 tegitur,
1467 3396 1708 3449 quorum
1748 3389 1808 3430 ut
1852 3374 1976 3441 plu·

182 3473 393 3527 timum
427 3495 477 3538 9.
515 3467 731 3521 adsunt
764 3480 817 3532 4.
855 3468 1165 3529 ordinibus
1205 3473 1647 3544 comprehensa.
