2204 3764
935 164 1282 227 *48-

218 310 415 353 eontra
457 316 705 352 morsum
747 312 1083 370 serpentum
1119 315 1535 356 venenatorum
1574 304 1875 378 adhibita,
1908 317 2001 368 vel

219 404 279 445 et
314 389 439 461 jura
485 409 556 444 ex
597 390 722 443 illis
761 390 1149 460 parabantur,
1212 391 1506 465 pingvedo
1548 415 1775 469 quoque
1819 417 1876 455 et
1919 407 2004 459 sal

213 483 553 552 Viperarum
606 483 664 534 in
721 481 985 535 diversos
1043 482 1384 556 plerumque
1423 485 1673 544 ficticios
1729 490 1870 548 fines
1909 497 2008 550 ad-

218 573 616 640 hibebantur,
658 590 805 625 nunc
850 572 1086 642 penitus
1129 573 1483 646 evjluerunt.
1546 579 1609 629 In
1647 580 1812 634 India
1848 593 2003 640 teste

224 666 527 720 (lemano
572 665 659 738 (in
693 663 964 732 Epistola
985 662 1053 716 ad
1076 662 1512 722 MENTZEMUM
1536 669 1791 724 exlndia
1817 675 2008 728 orien‘-

215 755 324 807 tali
364 755 518 808 data.
557 759 610 822 r)
653 754 992 808 venationes
1037 768 1241 810 contra
1283 758 1467 825 anm,
1524 759 1907 816 instituuntur
1946 781 2005 820 et

216 869 351 903 caro
390 868 585 903 earum
623 846 682 902 in
719 850 905 918 frusta
941 861 1134 911 secta,
1169 849 1344 904 venui
1382 851 1712 919 exponitur.
1765 857 2006 911 Aethio-

217 962 318 1015 pes
362 955 515 995 teste
554 944 908 997 ADANSONO
951 942 1008 993 in
1052 941 1287 995 deliciis
1328 943 1550 996 habent
1588 962 1784 1001 carnes
1821 927 1883 1000 et
1919 949 2008 1019 ju-

219 1055 279 1089 ra
331 1054 402 1088 ex
452 1035 591 1088 Bois
635 1034 936 1101 desumtag
992 1034 1063 1085 ab
1119 1033 1333 1086 iisdem
1379 1034 1721 1090 nationibus
1763 1040 2007 1112 elegam

216 1129 434 1180 tiorum
490 1138 828 1196 serpentum
866 1125 1054 1183 cutis,
1095 1138 1158 1178 ut
1214 1140 1617 1181 ornamentum
1659 1133 2009 1203 exquisitum

215 1218 579 1272 aestimatur.
632 1217 776 1272 Sues
812 1229 871 1270 et
903 1216 1166 1270 ciconiae
1207 1218 1541 1287 promiscue
1584 1221 1864 1275 devorant
1887 1237 2010 1278 ser*-

215 1325 464 1384 pente3‚
501 1324 822 1365 venenatos
861 1309 1034 1364 etiam
1072 1311 1206 1382 quin
1250 1310 1375 1364 illis
1415 1326 1683 1367 noceant.
1730 1316 2007 1370 Ceterum

213 1410 341 1453 cum
401 1399 634 1472 plurimi
691 1399 976 1466 insectis,
1034 1399 1331 1469 muribus,
1390 1400 1692 1474 gliribus,
1743 1403 1896 1457 ranis
1951 1417 2012 1458 et

213 1495 349 1549 aliis
373 1493 711 1566 hujusmodi
737 1492 1092 1546 animalibus
1113 1492 1776 1562 vescantur‚wnmerum
1797 1496 2005 1552 horum

217 1589 581 1643 imminuunt.
639 1587 704 1640 In
739 1588 926 1658 patria
963 1600 1162 1641 nostra
1197 1587 1600 1658 integumenta
1635 1595 2024 1659 serpentumj‘

217 1681 289 1734 ad
347 1679 734 1734 obducendos
796 1679 1083 1742 baculos,
1154 1691 1214 1732 et
1275 1676 1501 1732 fistulas
1557 1678 1922 1742 tabacarias‚
1975 1699 2009 1733 a

214 1775 394 1845 plebe
434 1772 813 1826 adhibentur.

922 1913 923 1917 ’
1001 1900 1061 1989 §.
1102 1919 1203 1983 29.

349 2050 899 2125 Significatio
975 2051 1433 2121 s'yfflbolica
1507 2063 1995 2122 serpentum.

214 2147 538 2217 Serpentes
584 2144 801 2199 dudum
845 2142 955 2213 jam
987 2155 1119 2196 ante
1157 2142 1415 2195 Heroum
1449 2154 1714 2213 tempora
1748 2142 2003 2213 singula-

212 2239 378 2293 ribus
431 2237 545 2292 suis
591 2235 970 2308 qualitatibus
1020 2234 1317 2286 hominum
1354 2233 1741 2287 attentionem
1784 2232 2001 2286 excita·

211 2336 379 2397 runt,
425 2342 484 2382 et
535 2346 859 2399 corporeae
911 2326 1122 2394 molis,
1173 2326 1577 2394 fortitudinis,
1631 2339 1818 2379 motus
1874 2344 2004 2393 per-

209 2420 512 2487 nicitatis,
567 2418 718 2472 vitae
774 2418 1179 2472 diuturnitatis
1235 2431 1295 2471 et
1339 2418 1656 2490 singularis
1700 2416 2002 2471 instinctus

213 2514 426 2586 quibus
469 2513 719 2582 pollent,
758 2510 1061 2567 notionem
1098 2510 1261 2564 velut
1294 2510 1488 2563 evolvi
1528 2511 1845 2583 cogebant.
1904 2509 2001 2562 Sic

209 2605 499 2676 vrnythicae
567 2602 1108 2674 antiquissimorum
1156 2602 1620 2673 Aegyptiorum,
1676 2603 1998 2677 Thracum,

215 2712 275 2752 et
335 2702 703 2755 Graecorum
759 2695 1166 2761 narrationes,
1234 2713 1378 2766 quae
1438 2695 1760 2748 recentiori
1821 2693 1997 2749 Poesi

215 2788 635 2859 amplissimam
677 2798 1112 2858 suggesserunt
1160 2784 1504 2845 materiem,
1559 2771 1836 2855 plurimas
1877 2802 1998 2836 ser-

214 2895 450 2952 pentum
491 2879 796 2952 qualitates
839 2877 1194 2953 exprimunt.
1239 2877 1528 2947 Tempore
1562 2880 2000 2933 DEUCAIAONIS

213 2965 482 3030 residuus
538 2985 667 3043 post
725 2971 1007 3023 diluvium
1064 2971 1231 3023 limus
1289 2964 2001 3040 Pythonemserpentem

214 3065 622 3139 magnitudine
662 3064 963 3115 immanem
1003 3063 1282 3133 genuisse
1320 3063 1565 3119 «licitur,
1604 3081 1768 3131 quem
1809 3063 1999 3114 Phoe-

213 3161 320 3211 bus
355 3159 520 3221 telis,
562 3174 663 3231 seu
703 3155 787 3208 sol
837 3154 1014 3206 radiis
1054 3156 1351 3206 humorem
1398 3154 1830 3207 exsiccantibus
1868 3171 2000 3220 per-

216 3250 391 3316 emit,
427 3249 574 3306 hinc,
598 3247 792 3300 elucet
828 3245 1262 3299 habitationem
1288 3284 1303 3312 ,
1365 3260 1423 3299 et
1468 3246 1773 3300 maximum
1812 3246 1997 3300 incre-

223 3448 277 3521 ἓ)
301 3450 626 3519 'Ephemerid.
652 3457 763 3505 Eat.
797 3459 986 3505 curioea
1012 3453 1152 3507 deca.
1178 3455 1246 3504 11.
1276 3466 1322 3502 a.
1354 3461 1398 3501 2.
1433 3456 1562 3513 1683.
1590 3471 1641 3518 p.
1673 3442 1745 3505 18.

1675 3536 1927 3597 mentum
