2174 3683
660 729 1496 812 PraefatiO.

191 1097 490 1189 Naturam
529 1148 853 1192 scrutantes
877 1130 1100 1186 infinita
1127 1132 1491 1213 objectorum
1526 1134 1812 1188 varietate
1841 1152 1975 1206 per-

192 1229 343 1282 culsi
370 1267 382 1282 ,
424 1247 551 1282 mox
583 1247 722 1281 vero
763 1229 820 1280 in
859 1224 1308 1280 admirationem
1341 1226 1490 1297 rapti
1539 1226 1831 1298 singulari
1870 1244 1975 1279 vo·

193 1319 420 1390 luptate
460 1320 880 1390 perfundimur.
940 1318 1054 1372 'l'ot
1091 1319 1239 1372 enim
1264 1337 1355 1372 res
1378 1320 1562 1372 forma
1597 1337 1697 1370 sua
1722 1331 1975 1371 structu-

193 1430 286 1479 ra,
329 1425 385 1464 et
419 1412 621 1464 indole
658 1410 984 1464 attentione
1025 1409 1401 1482 dignissimas
1442 1409 1789 1479 reperimus,
1832 1422 1976 1480 quot

193 1503 465 1556 sensibus
503 1501 715 1556 nostris
770 1521 1046 1573 usurpare
1091 1521 1415 1576 possumus.
1483 1502 1601 1554 Res
1660 1503 1762 1553 has
1813 1513 1976 1553 certa

191 1595 432 1666 quadam
467 1609 704 1647 naturae
741 1594 880 1666 lege
908 1595 970 1646 ad
1007 1594 1255 1647 invicem
1291 1593 1498 1646 referri
1527 1592 1831 1661 indubium
1859 1604 1976 1659 est,

190 1705 302 1759 quo
342 1687 469 1758 quis
509 1700 700 1739 autem
741 1687 1022 1740 rationem
1061 1687 1439 1741 subtilissimi
1476 1686 1702 1739 ordinis
1732 1698 1972 1737 naturae

191 1779 449 1849 penitius
485 1779 835 1849 cognoscit,
877 1796 946 1832 eo
981 1780 1171 1843 minus
1213 1799 1239 1831 a
1278 1778 1603 1849 sapientiae
1648 1776 1836 1848 adytis
1871 1775 1975 1827 ab·

189 1881 321 1926 esse
361 1873 931 1926 existimandusest.
1002 1872 1298 1925 Omnibus
1349 1891 1489 1926 vero
1541 1871 1613 1924 ad
1652 1869 1975 1941 penetralia

181 1978 429 2017 naturae
487 1964 753 2018 studiosa
814 1963 1093 2036 indagine
1149 1962 1474 2016 nitentibus
1505 2005 1520 2031 ,
1598 1960 1972 2030 objectorum

186 2057 468 2130 quaedam
507 2057 711 2109 habita
751 2070 839 2109 est
874 2056 1062 2123 ratio,
1101 2056 1181 2109 ita
1218 2056 1455 2127 quidem
1494 2068 1555 2108 ut
1588 2071 1700 2125 quo
1744 2052 1970 2123 persec-

183 2149 340 2204 tiora
381 2163 616 2218 essent,
657 2169 725 2203 eo
763 2148 981 2219 majore
1024 2148 1232 2202 inluce
1269 2137 1722 2202 collocarentur.
1767 2147 1967 2219 Itaque

185 2243 530 2311 factumest,
567 2255 630 2294 ut
661 2260 752 2295 res
792 2240 1094 2295 inferioris
1136 2239 1358 2294 ordinis
1397 2239 1656 2311 quamvis
1700 2253 1971 2290 necessa-

185 2334 275 2388 ria
310 2353 500 2388 rerum
535 2334 939 2388 universitatis
980 2334 1238 2386 membra
1278 2334 1430 2400 sint,
1476 2327 1764 2384 diuturnis
1801 2340 1971 2378 tene-

159 2426 305 2481 'bris
344 2426 794 2494 addicerentur,
835 2443 973 2496 quas
1011 2423 1224 2478 melior
1262 2436 1423 2475 aetas
1459 2420 1694 2474 tandem
1721 2414 1971 2485 dissipa-

193 2518 302 2572 vit.
361 2518 567 2579 Fatum,
605 2519 716 2570 hoc
757 2515 1026 2569 omnibus
1079 2512 1345 2568 scientiis
1406 2506 1771 2563 naturalibus
1809 2522 1971 2557 com-

181 2631 371 2672 mune,
389 2611 680 2686 Zoologia
702 2610 878 2662 etiam
897 2620 1141 2683 experta
1165 2619 1274 2673 est,
1295 2623 1440 2677 quae
1466 2599 1687 2656 ultimis
1712 2590 1964 2668 primurn

187 2705 406 2759 seculis
429 2703 724 2756 indefessa
753 2700 1282 2754 celeberrimorum
1318 2697 1568 2749 virorum
1590 2690 1837 2746 solertia
1870 2707 1968 2741 ae-

183 2795 484 2870 quabilius
508 2795 628 2848 coli
670 2792 888 2863 coepit.
932 2793 1094 2845 Inter
1126 2805 1461 2842 numerosas
1486 2787 1695 2838 classes
1729 2780 1783 2832 in
1824 2797 1964 2851 quas

180 2889 548 2945 recentiores
574 2900 808 2941 naturae
848 2896 1203 2939 scrutatores
1240 2898 1483 2952 regnum
1519 2874 1762 2929 animale
1811 2871 1963 2923 divi-

183 2996 417 3050 serunt,
462 3001 563 3048 ea,
606 2999 754 3052 quae
790 2977 1030 3049 reptilia
1071 2972 1494 3045 complectitur
1532 2966 1785 3040 quamvis
1833 2963 1961 3017 vul-

184 3088 264 3143 go
303 3069 625 3123 contemtui
663 3069 774 3134 sit,
814 3064 1320 3140 pervestigatione
1363 3074 1553 3113 tamen
1595 3055 1746 3108 haud
1774 3050 1961 3105 minus

182 3179 350 3235 quam
384 3174 618 3215 ceterae
652 3159 834 3231 digna
867 3171 974 3212 est.
1053 3158 1374 3225 Serpentes
1412 3150 1507 3223 qui
1545 3146 1716 3218 hujus
1753 3143 1962 3198 classis

185 3251 455 3307 ordinem
492 3250 763 3305 efficiunt
795 3249 1083 3322 singulari
1119 3245 1388 3317 corporis
1426 3243 1732 3316 agilitate,
1773 3247 1964 3289 motu-

181 3365 281 3399 um
306 3343 653 3416 pernicitate
676 3344 861 3404 ,mira
896 3338 1405 3404 colorumluxuria
1428 3372 1443 3398 ,
1481 3333 1794 3406 praecipue
1816 3345 1965 3391 vero

92 3472 104 3477 ι
180 3436 460 3493 lethifera
493 3434 819 3493 venenandi
858 3435 1138 3491 facultate
1181 3427 1303 3505 'jam
1355 3424 1777 3503 antiquissimis
1811 3436 1959 3480 tem·
