2174 3683
205 253 452 329 poribus
484 261 786 316 hominum
819 264 1208 318 attentionem
1246 264 1584 319 excitarunt:
1657 263 1865 319 Omnia
1898 278 1984 321 ta-

212 367 342 406 men
378 371 523 422 quae
560 372 589 407 a
629 357 880 410 vetustis
934 357 1324 427 scriptoribus
1377 358 1447 412 de
1505 359 1579 412 iis
1622 359 1989 430 accepimus,

209 443 361 495 adeo
402 463 599 498 manca
631 466 811 518 saepe
850 440 1009 502 inter
1042 468 1103 502 se
1147 448 1502 522 pugnantia,
1540 463 1599 503 et
1636 451 1854 505 fabulis
1898 470 1990 505 re·

207 535 358 589 ferta
393 551 556 606 sunt,
594 552 656 593 ut
694 541 1079 612 poesipotius
1121 562 1287 614 quam
1307 556 1549 596 naturae
1584 543 1850 598 scientiis
1874 563 1991 597 ma-

207 627 420 681 teriam
469 643 659 700 aptam
704 634 1043 702 praebeant.
1121 634 1581 689 Recentioribus
1617 635 1986 706 temporibus

209 733 433 776 semoto
471 723 796 778 fabularum
828 725 1095 794 cumulo,
1135 726 1474 781 animalium
1504 729 1711 781 horum
1746 730 1987 797 formae,

207 812 570 875 affinitates,
603 815 759 870 vitae
804 816 988 887 ratic,
1030 817 1360 886 utilitates,
1417 832 1476 873 et
1533 838 1721 875 noxave
1761 821 1987 875 studio-

209 903 371 972 sius,
411 905 726 980 indagatae
771 923 922 962 sunt.
999 911 1161 975 Quae
1217 911 1288 965 de
1344 911 1436 966 his
1490 913 1642 983 apud
1701 914 1985 984 probatos

205 1010 479 1054 auctores
513 1017 656 1070 quos
682 1001 797 1055 suis
831 1001 977 1074 locis
1003 1001 1296 1056 nominavi
1320 1002 1578 1074 reperire
1602 1005 1789 1074 potui,
1812 1024 1986 1077 quae-

204 1109 274 1144 ve
312 1093 547 1163 propria
582 1094 955 1166 experientia
1009 1094 1234 1162 didici,
1293 1113 1397 1165 pro
1451 1096 1740 1150 tenuitate
1775 1096 1985 1150 virium

207 1183 465 1256 digesta,
496 1186 556 1238 in
590 1206 763 1239 unum
790 1186 1050 1254 contuli,
1084 1205 1286 1241 eorum
1318 1186 1602 1258 imprimis
1639 1187 1864 1242 ratione
1884 1189 1986 1241 ha-

205 1276 361 1346 bita,
397 1298 541 1350 quae
578 1280 650 1333 ad
685 1281 929 1350 patriam
953 1295 1208 1336 nostram
1248 1282 1565 1352 pertinent.
1621 1282 1985 1336 Anatomiam

205 1382 267 1422 et
303 1370 745 1443 physiologiam
781 1373 1026 1426 silentio
1071 1373 1394 1444 praeterire
1437 1392 1551 1426 non
1591 1374 1794 1443 potui,
1850 1392 1985 1444 pro-

203 1474 441 1532 pterea,
481 1464 636 1536 quod
672 1464 958 1536 zoologia
996 1464 1295 1518 recentior
1329 1464 1617 1518 anatomia
1653 1485 1824 1537 quam
1859 1478 1990 1535 post

204 1558 565 1613 WILLISIUM
603 1570 998 1630 comparatam
1033 1571 1273 1626 vocant,
1310 1557 1619 1628 praecipue
1656 1558 1878 1610 nititur.
1925 1555 1987 1608 ln

201 1649 309 1702 hac
346 1662 535 1704 tamen
570 1650 1006 1705 dissertationis
1060 1663 1220 1719 parte
1278 1668 1382 1720 pro
1435 1649 1524 1703 rei
1573 1648 1984 1721 magnitudine

204 1742 586 1798 brevissimus
609 1761 738 1797 esse
764 1742 978 1809 debui,
1002 1742 1281 1813 majorem
1305 1741 1458 1794 enim
1481 1741 1873 1811 prolixitatem
1893 1758 1992 1793 an-

204 1825 404 1908 gustia
423 1836 730 1906 temporiS‚
756 1850 813 1891 ct
835 1835 1053 1889 limites
1077 1834 1356 1905 opusculo
1383 1831 1624 1904 praefixi
1649 1845 1981 1886 vetuerunt.

341 1928 405 1978 In
442 1926 877 1980 enumerat-ione
923 1911 982 1978 e't
1017 1923 1415 1992 descriptione
1473 1921 1798 1992 spccierum
1835 1921 1986 1973 indi-

206 2035 487 2088 genarum
525 2018 899 2090 propriorum
921 2015 1196 2071 itinerum
1229 2033 1334 2085 per
1358 2014 1613 2067 diversas
1648 2013 1983 2086 Hungariae

204 2123 397 2178 partes
438 2129 610 2181 saepe
647 2124 1049 2180 susceptorum
1088 2125 1249 2161 usum
1271 2106 1406 2164 feci.
1480 2105 1584 2158 His
1607 2117 1984 2159 accesserunt

206 2220 310 2264 ea,
352 2220 492 2272 quae
533 2203 683 2256 Cell.
719 2202 831 2256 viri
875 2204 940 2258 C.
980 2202 1240 2256 Profess.
1278 2203 1636 2259 REISINGER
1675 2200 1741 2253 C.
1767 2199 1981 2254 Custos

206 2302 459 2355 SADLER
495 2312 555 2353 et
575 2299 646 2351 D.
668 2300 1050 2368 Pharmacop.
1095 2298 1268 2354 LANG
1291 2295 1574 2369 singulari
1603 2292 1983 2359 humanitate,

206 2405 267 2445 et
300 2393 714 2448 benevolentia
755 2412 975 2447 mecum
1012 2391 1528 2446 communicarunt.
1583 2386 1736 2440 Viris
1777 2385 1861 2439 his
1906 2384 1980 2437 de

205 2485 475 2539 scientiis
514 2487 873 2542 naturalibus
912 2485 1130 2556 optime
1156 2483 1422 2544 meritis,
1461 2480 1734 2553 publicas
1759 2478 1981 2553 gratias

204 2578 544 2648 persolvere
581 2577 763 2632 officii
806 2577 919 2632 mei
959 2595 1086 2632 esse
1127 2576 1283 2632 duxi.

342 2669 657 2742 Reliquum
704 2685 793 2726 est
840 2685 902 2726 ut
956 2671 1298 2725 mendorum
1346 2668 1773 2723 lucubrationis
1821 2686 1982 2722 meae

201 2763 386 2833 probe
423 2764 720 2831 conscius,
779 2764 1057 2821 benevoli
1097 2764 1338 2817 lectoris
1377 2764 1603 2818 veniam
1640 2761 1982 2832 implorem,

203 2873 372 2926 quam
415 2871 524 2906 non
580 2854 752 2908 facile
802 2857 873 2909 ab
929 2856 1056 2909 ullo
1114 2855 1467 2928 denegatum
1512 2855 1584 2907 iri
1628 2872 1835 2925 spero,
1877 2852 1978 2923 qui

203 2964 401 3000 secum
437 2948 788 3017 reputaverit
808 2949 1089 3019 scriptum
1117 2947 1542 3015 academicum,
1590 2946 1878 3017 primitias
1905 2944 1982 2997 li-

199 3052 454 3093 terarum
490 3039 779 3109 offerens,
831 3041 889 3094 in
937 3054 1153 3094 tactam
1207 3042 1502 3113 hucusque
1544 3052 1814 3111 quantum
1857 3037 1978 3090 scio

202 3132 448 3188 historia
476 3135 791 3189 enaturalis
814 3134 1037 3207 patriae
1080 3146 1314 3187 nostrae
1339 3145 1561 3203 partem
1597 3143 1979 3205 pertractare.

937 3331 1420 3357 m
