2204 3764
926 184 1242 222 ...2—

201 319 308 372 hos
348 316 418 369 ad
456 319 603 369 Aves
637 312 948 368 transitum
1003 313 1236 371 faeere,
1292 328 1365 364 ex
1402 310 1591 365 altera
1643 326 1786 366 vero
1825 323 1995 384 parte

197 428 304 482 per
333 408 669 473 Coeeilias‚
707 404 1040 461 Batraeliiis
1083 407 1172 468 (ut
1196 400 1773 474 imperfectioribus)
1811 402 1999 459 finiti-

199 519 325 556 mos
367 519 532 568 esse,
573 518 637 553 ae
673 518 776 570 per
798 501 905 551 hos
939 496 1009 548 ad
1050 494 1255 549 Pisces
1281 495 1538 549 devolvi.
1577 496 1734 550 Hane
1756 516 1999 567 serpen-

198 607 321 647 tum
361 591 716 646 relationem
755 590 827 644 ad
870 589 1094 643 vicinas
1133 588 1352 642 classes
1395 601 1456 642 et
1493 590 1771 655 ordines,
1813 596 1871 649 in
1906 613 2005 648 na·

197 698 329 740 tnra
375 681 836 756 organisationis
900 696 1106 734 eorum
1150 678 1448 733 fundatam
1501 696 1664 751 esse,
1717 702 1786 738 ex
1837 698 2007 756 parts*

200 773 978 850 anatomieo-physiologiea
1015 773 1184 849 hujus
1210 772 1688 848 opuseulipmagis
1710 779 1960 849 patebit.

1016 899 1068 958 ἕ.
1126 893 1186 956 3.

338 1013 673 1070 Habitus
733 1023 1114 1067 externus
1156 1010 1641 1082 Serpentum.
1701 1012 1993 1085 Corporis

212 1109 505 1164 dimensio
546 1108 605 1160 in
642 1106 922 1178 longum,
961 1103 1337 1159 latitudinem
1378 1102 1697 1159 multoties⁴
1721 1120 1998 1176 superat,

117 1236 118 1239 =
203 1217 446 1259 truncus
492 1219 699 1255 versus
754 1199 1033 1259 caudam,
1086 1199 1274 1252 rarius
1328 1211 1388 1253 et
1438 1216 1640 1254 versus
1692 1213 1865 1270 eaput
1916 1215 2010 1255 at-

201 1307 523 1359 tenuatur,
591 1309 802 1362 eorpus
861 1291 919 1344 in
970 1290 1308 1346 universum
1363 1289 1837 1362 eylindraeeum,
1895 1305 1997 1347 aut

203 1386 513 1442 fusiforme
551 1395 660 1436 est.
728 1375 1020 1434 Vestitus.
1063 1381 1415 1454 Serpentum
1454 1384 1604 1436 eutis
1640 1381 1871 1455 tegitur
1898 1396 1999 1437 aut

208 1478 384 1533 meris
428 1475 716 1548 squamis,
750 1487 814 1527 ut
850 1474 906 1526 in
943 1474 1286 1547 Angvibus‚
1325 1487 1423 1527 aut
1455 1492 1596 1527 vero
1639 1474 1890 1546 squamis
1920 1476 2001 1532 si-

207 1572 325 1626 mul
371 1583 429 1623 et
467 1568 689 1635 scutiS‚
745 1580 808 1620 ut
856 1567 914 1620 in
957 1566 1272 1635 Colubris,
1320 1567 1414 1620 vel
1454 1567 1606 1620 nuda
1658 1581 1785 1629 est,
1837 1583 1902 1622 ut
1945 1568 2002 1621 in

210 1661 524 1721 Goeeiliis.
601 1661 882 1731 Squamae
934 1658 983 1712 si
1039 1658 1235 1712 adsint
1290 1657 1635 1731 plerumque
1687 1660 2000 1716 coloribus·

215 1753 505 1830 squalidis
528 1791 541 1814 ‚
583 1771 760 1823 saepe
796 1765 991 1806 tamen
1026 1763 1085 1804 et
1119 1750 1508 1805 vivacissimis
1539 1752 1881 1823 tinguntur,
1918 1755 2002 1809 ita

214 1864 277 1904 ut
313 1845 598 1902 transitus
635 1856 758 1897 arte
797 1842 896 1895 vix
922 1841 1234 1896 imitabilis
1259 1862 1330 1896 ex
1368 1842 1543 1910 albo,
1576 1842 1725 1898 flavo
1749 1886 1762 1911 ,
1798 1841 2001 1916 viridi,

214 1943 272 1996 in
312 1938 690 2003 coeruleum,
731 1935 1002 1995 rubrum,
1042 1946 1100 1989 et
1128 1933 1359 2008 nigrum
1391 1935 1659 2007 plurimis
1701 1940 2004 2010 gradatio-

215 2035 391 2089 nibus
426 2032 620 2084 locum
671 2028 909 2082 habeat.
981 2025 1424 2082 Modifieatione
1475 2020 1684 2083 horum
1744 2033 2008 2086 colorum

218 2128 545 2182 formantur
565 2120 830 2193 picturae
856 2119 1124 2173 diversae
1148 2155 1165 2181 ,
1199 2118 1312 2191 jam
1337 2122 1520 2184 retia,
1541 2123 1744 2185 striae,
1772 2127 2013 2197 fasciae,

219 2219 332 2292 jam
371 2215 598 2289 figurae
640 2212 794 2266 aliae
831 2211 1181 2286 regulare5‚
1221 2227 1320 2268 aut
1353 2214 1736 2289 irregulares.

678 2432 845 2522 SE
902 2433 1309 2522 OTIO
1432 2439 1546 2526 ΙΙ.

227 2601 786 2705 Adumbratio
861 2620 1353 2699 Anatomico
1374 2666 1400 2682 -
1423 2624 2015 2730 Physiologica

852 2740 1373 2840 Serpentum.

1031 2935 1088 2995 §.
1137 2928 1259 2993 l...

378 3058 416 3111 S
438 3075 515 3129 ys
533 3070 558 3111 t
581 3075 609 3111 e
632 3074 684 3110 m
704 3075 734 3109 a
776 3073 808 3108 o
830 3075 851 3108 s
871 3072 893 3108 s
913 3073 940 3107 e
959 3073 993 3106 u
1015 3067 1087 3106 m.
1149 3054 1429 3109 Seeleton
1465 3066 1796 3127 serpentum
1827 3069 2022 3110 extre-

238 3151 544 3205 mitatibus
569 3149 916 3203 destitutum
938 3187 954 3213 ,
989 3146 1132 3199 satis
1166 3143 1570 3216 imperfectum
1590 3190 1605 3216 ‚
1635 3167 1699 3201 ae
1728 3150 1883 3202 inter
1903 3136 2024 3202 ani·

243 3242 419 3297 melia
461 3239 762 3311 sangvinis
799 3236 962 3289 rubri
999 3236 1123 3289 fere
1165 3235 1659 3308 simplicissimum
1697 3253 1822 3305 est,
1863 3255 2023 3292 eom·

235 3351 427 3405 >pages
469 3345 663 3386 tamen
705 3347 875 3383 ossea
911 3328 1054 3382 satis
1087 3326 1249 3382 firma
1303 3343 1429 3399 est,-
1487 3349 1844 3403 nequaquam
1893 3323 2025 3383 texss·

240 3439 406 3481 turae
450 3422 813 3498 s-pongiosae
855 3431 921 3477 ut
973 3418 1033 3472 in
1092 3420 1386 3476 Piscibus·
1472 3427 1623 3482 Ossa
1660 3416 1901 3497 eapitis.
1935 3437 2034 3474 se·
