2204 3764
972 173 1316 223 ...55-

265 309 488 369 {ruriae
520 311 671 366 circa
700 329 986 366 venenum
1009 314 1333 385 viperinum
1363 317 1821 386 experimentari
1847 317 2038 388 jussus

273 422 393 476 est,
430 421 489 461 ut
531 408 875 462 resultatum
917 408 1387 462 observationum
1425 428 1651 463 suarum
1677 410 2039 467 declaravit:

262 519 545 554 venenum
592 500 774 554 hocce
829 502 985 556 intus
1043 515 1399 574 assumptum
1454 504 1607 558 haud
1665 525 1902 561 nocere.
1961 509 2030 563 G.

256 597 559 653 ΡΟΝΊΛΝΔ
600 607 800 649 eontra
819 639 835 665 ‚
872 595 1152 664 majorem
1177 596 1300 664 ejus
1328 598 1516 651 dosim
1542 599 1696 653 intus
1720 615 2030 658 assumtam

256 703 574 744 venenatos
610 691 856 744 effectus
893 708 1166 744 exserere
1190 689 1460 743 asseruit.
1517 690 1818 759 Repetitis
1853 711 2028 763 expe-

255 783 524 837 rimentis
557 784 996 837 recentioribus
1036 782 1404 853 temporibus
1447 785 1514 838 C.
1561 787 1908 852 MANGILH,
1951 787 2025 855 d)

252 890 615 945 compertum
658 890 786 943 est,
819 894 1102 928 venenum
1144 894 1173 926 a
1220 890 1445 947 septem
1479 877 1741 948 viperis,
1796 879 1917 931 imo
1965 890 2026 932 et

245 986 277 1020 a
319 968 585 1021 pluribus
622 967 792 1022 simul
831 969 1050 1037 absque
1091 967 1300 1020 nocivo
1340 969 1550 1022 effectu
1587 970 2022 1040 assumiposse.

246 1061 408 1113 Idem
448 1074 702 1114 testatur
739 1060 795 1111 (ἶ.
838 1063 1304 1120 ΟΟΝΡΣΘΙΛΑΟΗΙ
1342 1072 1398 1125 e)
1422 1063 1656 1133 propria
1693 1063 1897 1115 doctus
1920 1081 2022 1113 ex-

236 1149 548 1219 perientia.
616 1153 681 1204 G.
722 1153 1029 1208 MANGILII
1074 1149 1495 1223 experimentis
1550 1151 1808 1204 innotuit
1842 1169 2017 1205 vene-

243 1258 375 1291 num
416 1241 595 1291 hocce
641 1243 997 1295 exsiccatum
1041 1246 1100 1296 et'
1135 1242 1303 1296 vitris
1345 1256 1513 1296 caute
1536 1256 1864 1309 servatum,
1900 1261 2017 1297 non

239 1345 302 1383 ut
334 1331 639 1388 FONTANA
683 1320 1034 1397 autuma'xit,
1074 1334 1142 1386 ad
1187 1353 1468 1386 summum
1498 1333 2011 1401 9mensibus‚sed

230 1437 315 1476 20.
354 1423 462 1475 imo
506 1437 562 1478 et
600 1427 679 1478 26.
717 1425 1009 1480 mensibus
1050 1425 1205 1480 vires
1243 1426 1747 1490 retinere‚'atque
1777 1425 2010 1478 vulneri

168 1566 171 1568 a
228 1518 765 1590 applicitum‚post
800 1522 912 1575 hoc
952 1539 1180 1594 quoquc
1219 1533 1450 1592 tempus
1500 1518 1816 1573 lethiferos
1867 1517 2012 1572 effe-

208 1625 350 1665 ctus
392 1631 664 1666 exserere
704 1633 898 1684 posse.

365 1706 867 1770 Quemadmodum
908 1720 1062 1761 extra
1099 1725 1268 1760 omne
1313 1706 1554 1759 dubium
1583 1716 1705 1771 est,
1741 1704 2005 1758 absenti-

222 1795 330 1849 bus
368 1796 610 1854 internis
649 1798 911 1853 continui
952 1799 1319 1852 laesionibus
1354 1815 1642 1872 venenum
1672 1795 2002 1867 viperinum

216 1888 436 1959 absque
478 1909 627 1943 noxa
667 1904 986 1945 assumtum
1023 1891 1362 1957 suisse,-ita
1392 1910 1503 1944 non
1547 1890 1733 1943 minus
1774 1902 2001 1942 certum

219 1994 309 2034 est
349 1982 809 2037 inoculationem
842 1983 1010 2050 hujus
1050 1984 1267 2055 liquidi
1292 2004 1394 2037 seu
1432 2004 1538 2055 per
1558 1983 1766 2037 animal
1791 1983 1999 2052 ipsum,

213 2091 318 2126 seu
355 2093 494 2128 vero
532 2089 655 2128 arte
682 2090 1024 2146 susceptam,
1058 2077 1405 2150 gravissima
1426 2076 1583 2130 vitae
1611 2076 1871 2145 pericula
1896 2074 1998 2126 ad-

207 2165 386 2219 ferre.
455 2168 703 2239 Scythae
742 2183 800 2222 et
856 2169 1088 2221 Tartari
1125 2182 1187 2222 ut
1223 2169 1497 2223 hostibus
1543 2167 1660 2221 suis
1695 2168 1869 2220 citam
1909 2166 1996 2218 in-

200 2258 390 2310 ferant
415 2273 658 2311 mortem
683 2302 694 2326 ‚
719 2279 945 2312 veneno
982 2262 1163 2313 hocce
1202 2281 1332 2314 suas
1360 2261 1607 2333 sagittas
1633 2260 1992 2312 intoxicasse

204 2364 528 2403 narrantur.
577 2352 624 2418 f)
665 2356 1124 2409 AoArnocrssw
1177 2352 1271 2422 qui
1326 2366 1515 2405 sumto
1562 2350 1809 2421 prandio
1850 2368 1988 2401 mox

202 2439 278 2491 ob
319 2458 674 2511 gangrenam
715 2444 1088 2516 gingivarum
1124 2457 1183 2496 et
1225 2444 1454 2513 plenam
1495 2442 1745 2512 partium
1774 2440 1985 2511 capitis

196 2533 635 2602 corruptionem
669 2548 850 2588 morte
906 2535 1231 2588 miserrima
1272 2534 1464 2600 obiit,
1514 2534 1701 2585 hocce
1755 2551 1981 2586 veneno

199 2610 574 2694 dentiscalpii
597 2645 704 2696 ope
726 2628 1015 2698 applicito
1036 2628 1403 2680 interemtum
1424 2626 1625 2683 fuisse,
1648 2625 1982 2695 traduntg)

337 2718 399 2770 Si
441 2738 690 2773 morsum
723 2720 1018 2790 serpentis
1047 2718 1318 2771 venenati
1360 2736 1513 2770 mors
1549 2717 1716 2769 illico
1751 2735 1862 2769 non
1890 2736 1979 2769 se-

194 2824 434 2882 quatur,
475 2812 750 2884 sequelae
789 2813 844 2864 in
883 2811 1213 2865 universum
1255 2823 1568 2881 sequentes
1607 2822 1773 2861 sunt:
1803 2809 1980 2861 dolor

193 2903 536 2973 punctorius
573 2922 746 2957 urens
781 2903 835 2955 in
874 2905 1003 2955 loco
1024 2902 1370 2967 vulnerato,
1407 2915 1637 2966 tumor,
1677 2898 1974 2953 etinflam-

191 2995 368 3049 matio
390 3038 407 3063 ‚
445 3015 549 3066 per
574 2981 755 3049 totam
797 3008 1020 3065 partem
1050 2994 1407 3046 vulneratam
1444 3005 1501 3045 et
1541 2991 1799 3044 internas
1831 3009 1943 3063 quo

187 3199 239 3251 d)
279 3203 465 3251 Menke!
511 3207 703 3248 Archiv.
734 3207 793 3252 T.
835 3207 908 3251 lll.
948 3214 990 3259 4.
1018 3210 1152 3253 Hert.

186 3281 239 3334 e)
274 3281 364 3324 Isis
401 3288 526 3327 1821.
566 3287 643 3329 ΙΨ.
683 3287 813 3330 liefr.
849 3290 956 3345 pag,
1010 3295 1104 3343 ¹87·
1137 3290 1210 3331 88.

179 3356 227 3412 f)
266 3359 400 3401 Meas}
431 3357 714 3406 stteelza'niea
746 3368 986 3424 expositio
1020 3382 1344 3410 venenorum.
1379 3383 1423 3424 p.
1461 3377 1532 3416 20,

184 3441 234 3493 g)
269 3439 518 3492 Boerhave
551 3443 693 3489 Prax.
731 3446 865 3491 Med.
900 3447 1062 3494 Lond.
1100 3448 1222 3501 1723.
1256 3465 1305 3507 1)-
1337 3456 1434 3505 143·
