2204 3764
964 211 1030 224 .-
1111 186 1172 234 16
1246 213 1312 223 „-

241 345 485 417 oviparz·
525 346 840 419 plurimum
881 337 1152 414 innocui)
1207 342 1313 396 alii
1364 342 1424 396 in
1476 359 1729 414 corpore
1758 356 2041 401 materno·

242 438 499 506 exclusi,
538 435 655 488 vi'vi
685 437 738 487 in
765 433 1108 487 Universum
1137 445 1492 503 compar-ent.
1530 434 1722 507 (Sel-p.
1751 432 2045 505 Vivipari-

243 532 554 603 plurimum
578 528 886 593 venenati,
914 543 1018 594 per
1039 525 1548 579 abbreviationem
1576 529 1833 598 [ἄρθητε
1859 523 2035 599 dicti)

243 623 526 676 Foetuum
557 621 762 672 horum
798 636 1069 672 numerus
1104 618 1280 672 etiam
1314 638 1487 689 saepe
1523 619 1593 672 ad
1620 636 1709 685 30.
1733 620 2034 687 aseendit3

243 714 481 785 quidam
503 731 703 765 eorum
724 714 909 763 annue
936 710 1113 763 etiarn
1135 709 1220 763 bis
1248 711 1501 781 pariunt.
1548 713 1707 763 Inter
1727 725 2037 780 serpentes

248 806 549 876 oviparOS‚
601 817 661 856 et
696 802 992 872 viviparos
1033 801 1284 856 medium
1317 816 1524 856 tenere
1559 803 1793 858 videtur
1818 804 2035 874 bolub.

246 882 612 951 lanee‘olatus
651 894 812 965 cujus
839 912 979 963 ova,
1018 907 1175 950 teste
1211 896 1650 950 BONNA'fflk-Rh
1686 896 1751 960 i„
1801 916 1871 949 eo
1911 915 2033 949 mo-

243 1002 441 1042 mento
480 1003 594 1058 quo
630 1006 659 1038 a
695 999 875 1038 matre
917 985 1294 1056 deponuntur
1317 983 1487 1038 simul
1527 997 1585 1036 et
1616 985 2031 1037 excluduntur.

244 1080 552 1134 Individua
623 1096 771 1131 nova
832 1070 1036 1131 {Jivunt
1095 1078 1273 1130 vitam
1335 1078 1700 1144 absolutam,
1761 1092 1820 1130 et
1876 1096 2030 1131 emm

242 1172 472 1226 auxilio
528 1183 793 1224 materno
850 1169 1169 1237 destituti‚'
1204 1167 1444 1240 proprio
1502 1169 1802 1222 instinctui
1852 1172 2033 1223 relzn-

245 1278 531 1340 (luuntur,
572 1264 708 1318 hinc
731 1263 901 1319 multi
927 1282 1128 1317 eorum
1147 1276 1353 1317 tenera
1373 1265 1478 1316 hac
1500 1274 1688 1316 aetate
1712 1261 2031 1317 intereunt.

1041 1443 1105 1531 §.
1147 1461 1250 1514 17.
1302 1462 1324 1493 τ

370 1602 426 1656 'S
452 1621 677 1656 ensus
718 1600 908 1655 Exte
934 1617 1011 1652 rn
1036 1599 1085 1667 i,
1130 1598 1187 1651 in
1225 1596 1557 1652 universum
1592 1598 1775 1654 minus
1810 1600 2033 1655 evoluti

248 1707 418 1764 sunt,
463 1695 648 1747 Vrsus
686 1706 881 1746 tame-n
918 1689 1280 1762 praeceteris
1323 1690 1602 1758 excellit,
1640 1693 1829 1746 oculis
1883 1693 2054 1746 enim

246 1784 642 1838 vivacissimus
662 1778 693 1851 ,⁰
723 1782 952 1854 pupilla
986 1780 1361 1847 contractili‚
1401 1782 1465 1833 ac
1504 1799 1608 1852 pro
1646 1782 1843 1836 lubitu
1881 1784 2034 1837 dila-

245 1878 423 1931 tabili
477 1876 876 1943 instruuntur,
932 1874 1066 1926 hinc
1117 1874 1507 1927 Photometro
1554 1875 1714 1946 quasi
1757 1894 1786 1927 a
1831 1890 2034 1929 natura

185 1952 190 1955 ’
250 1944 490 2033 donati,
531 1964 685 2017 lucis
726 1962 1003 2015 influxum
1040 1963 1383 2015 modificare
1421 1963 1636 2016 valent.
1694 1963 1852 2017 Iride
1895 1983 2034 2018 con-

246 2070 435 2110 tracta
486 2057 713 2127 pupilla
759 2056 944 2109 forma
998 2054 1176 2108 rimae
1226 2056 1480 2128 exiguae
1524 2070 1850 2126 comparet,
1889 2075 2036 2129 quae

230 2138 402 2222 *apud
456 2150 689 2222 aliquos
738 2147 1076 2217 verticalis,
1127 2150 1278 2219 apud
1318 2150 1468 2203 alios
1510 2150 1886 2202 horizontaiis
1928 2162 2040 2202 est.

248 2245 396 2302 Inde
449 2244 522 2295 ab
575 2243 1012 2298 ARlSTOTELIS
1062 2253 1329 2310 tempore
1372 2258 1573 2293 omnes
1614 2240 1870 2312 Zoologi
1915 2260 2038 2294 ser-

246 2336 518 2410 pentibus
558 2335 915 2406 palpebras,
956 2344 1016 2386 et
1065 2332 1346 2404 lacrymas
1389 2333 1598 2386 deesse
1638 2334 2031 2386 declararunt.

246 2434 409 2483 'Haec
462 2427 701 2499 opinio,
762 2449 791 2481 a
834 2430 1218 2502 GLOQOETIO
1261 2421 1338 2497 k.)
1404 2427 1687 2496 refutata,
1748 2411 2080 2499 peculiari·

250 2525 555 2577 oculorum
616 2519 1043 2593 organisationi
1108 2518 1428 2572 tribuenda
1494 2533 1617 2588 est,
1687 2518 2030 2589 superficies

248 2617 405 2689 enim
431 2633 632 2670 eorum
671 2624 911 2667 externa
948 2629 1183 2681 semper
1208 2608 1362 2663 sicca
1395 2623 1517 2678 est,
1557 2609 1719 2681 eujus
1754 2629 1842 2663 rei
1883 2592 2035 2662 ratio

248 2709 304 2760 in
372 2704 755 2760 concretione
822 2704 1359 2776 integumentorum
1413 2702 1802 2756 communium
1859 2717 2036 2772 super

249 2818 510 2854 convexa
559 2799 714 2852 oculi
765 2786 1071 2868 superficie
1125 2795 1461 2866 quaerenda
1515 2809 1623 2850 est.
1697 2796 2025 2868 Palpebrae

248 2894 358 2944 hae
413 2896 685 2963 spuriae,
742 2891 797 2942 in
819 2891 1011 2967 medio
1049 2902 1369 2958 connatae,
1415 2889 1775 2962 diaphanae,
1826 2885 2025 2944 verum

253 2985 802 3056 anlzyloblepharon
826 2984 1142 3036 formantes
1162 3022 1178 3050 ,
1217 2982 1460 3036 bulbum
1485 2983 1638 3036 oculi
1663 2984 2036 3036 reconditum

253 3087 495 3147 tegunt,
550 3087 610 3127 et
649 3089 921 3126 corneam
963 3074 1319 3125 exteriorem
1354 3072 1634 3139 formant,
1679 3089 1827 3142 pone
1867 3087 2038 3142 quam

252 3306 310 3362 i.)
343 3304 569 3347 Tableau
595 3299 1024 3362 encyclopedique
1053 3305 1106 3345 et
1135 3298 1462 3359 methodique
1493 3297 1579 3343 (les
1607 3296 1738 3342 trois
1765 3305 1944 3352 regnes
1973 3291 2038 3336 de

348 3387 397 3430 la
433 3393 630 3429 nature.
674 3381 972 3440 Ophiologie
998 3395 1026 3427 a
1055 3380 1198 3426 Paris
1233 3392 1361 3440 1790.
1393 3391 1464 3428 10.
1485 3394 1534 3425 n.
1559 3381 1606 3426 5.
1632 3379 1794 3434 Phge.
1821 3376 1904 3435 fig,
1932 3388 1973 3421 ι.

223 3491 326 3558 μὶ.)
360 3489 554 3536 Meckcl
579 3485 767 3533 Archiv
791 3484 840 3530 d.
872 3487 1021 3545 Phys.
1050 3484 1110 3530 T.
1133 3484 1214 3530 vl.
1246 3495 1292 3541 3.
1312 3483 1583 3529 HeftaNro
1598 3493 1679 3538 3ο.
1889 3525 1891 3527 .

1843 3575 1980 3618 Con*
